1864 3152
626 236 693 277 IN
730 234 1166 278 MENAECHMos.
1575 229 1657 283 171

207 376 296 410 283.
366 365 488 413 Tam
515 365 851 426 familiariter]
916 375 969 412 H.
989 388 1024 412 e.
1077 373 1135 411 Ut
1158 384 1247 422 quae
1270 369 1323 408 sit
1334 366 1556 418 familiaris
1575 368 1664 405 mei.

137 453 226 491 Ter.
246 453 370 491 Andr.
392 453 421 490 1.
442 466 469 490 1.
492 458 577 499 109.
631 459 655 475 “
669 453 822 504 Rejecit
839 466 880 491 se
898 453 939 490 in
958 466 1050 491 eum
1069 451 1167 490 flens
1184 446 1591 503 quamsamiliariter.”

209 564 299 597 ‘284-
365 554 536 614 Folia]
603 562 709 600 Vide
729 563 839 600 Nott.
895 561 986 600 Hoc
1004 573 1123 599 sensu
1140 557 1339 602 translate,
1368 555 1491 607 Apul.
1513 555 1610 601 Met.
1629 554 1661 592 Ι.

138 640 285 679 “Folia
315 648 407 679 sunt
433 640 540 685 artis,
569 647 609 678 et
634 654 754 691 nugae
781 642 934 679 merae.'¹

211 753 300 786 285.
365 738 570 801 Praeut.]
607 746 667 786 In
690 746 962 799 comparison
985 744 1104 784 with.
1149 747 1279 797 Supra
1299 750 1385 784 100.
1413 743 1564 795 Amph.
1581 749 1669 782 221.

139 836 165 851 “
181 829 328 867 Parum
346 829 477 874 etiam,
493 834 619 881 proeut
638 829 822 867 futurum
840 835 912 875 est,
930 827 1158 879 praedicas.”
1204 827 1327 864 Mero.
1347 825 1436 864 460.
1490 828 1516 846 “
1529 824 1670 874 Nugas

139 904 261 942 fuisse
280 903 410 949 credo,
426 909 552 956 proeut
571 917 651 954 quo
669 909 786 954 pacto
804 917 880 954 ego
899 901 1080 940 diversus
1099 900 1330 939 distrahor.”
1386 899 1477 937 Ter.
1495 899 1602 936 Eun.
1616 897 1674 936 11.

142 991 207 1016 111.
226 984 264 1024 9.
318 978 518 1017 “Ludum
539 978 758 1030 jocumque
776 977 899 1016 fuisse
912 976 1031 1015 illum
1049 975 1231 1021 alterum,
1254 979 1383 1026 proeut
1406 973 1528 1025 hujus
1544 972 1674 1013 rabies

140 1067 230 1105 quae
249 1054 395 1092 dabit.’'

227 1181 289 1188 —
363 1152 596 1201 Triduom
627 1152 751 1213 hoc]
812 1156 952 1198 These
976 1163 1079 1196 next
1102 1157 1221 1197 three
1249 1156 1369 1210 days.
1432 1159 1526 1207 Quo
1557 1171 1673 1196 sensu

143 1243 234 1280 Ter.
260 1241 434 1292 Adelph.
457 1240 531 1281 IV.
554 1254 584 1279 1.
603 1246 639 1279 4.
695 1240 792 1278 “Ut
818 1239 944 1277 triduo
970 1239 1038 1277 Ῐιοσ
1060 1246 1257 1291 perpetuo
1280 1247 1453 1290 nequeat
1479 1237 1675 1288 surgere.'’

145 1317 245 1366 (For
262 1316 330 1354 the
353 1316 464 1354 three
484 1321 568 1355 next
587 1307 715 1355 whole
739 1314 869 1365 days.)
925 1315 1030 1352 Eun.
1051 1315 1083 1352 Ι.
1105 1328 1148 1352 11.
1169 1320 1230 1358 71.
1287 1319 1311 1336 “
1324 1314 1418 1353 Sine
1436 1314 1550 1352 illum
1568 1313 1677 1350 hosce

142 1393 295 1443 aliquot
313 1391 397 1430 dies
414 1391 523 1443 apud
540 1392 641 1430 me.”
696 1390 752 1428 Et
769 1390 827 1428 ΙΙ.
849 1403 897 1429 11.
915 1389 977 1428 46.
1034 1394 1062 1412 “
1076 1390 1151 1428 Sex
1177 1404 1253 1441 ego
1271 1398 1310 1429 te
1329 1397 1433 1428 totos
1452 1391 1518 1428 hos
1535 1402 1678 1426 menses

146 1467 327 1518 quietum
344 1466 542 1506 reddam.”
569 1466 731 1504 Phorm.
750 1465 827 1503 ΙΙΙ.
848 1477 896 1502 11.
917 1470 952 1503 4.
986 1465 1188 1515 “Nequeo
1206 1472 1246 1504 te
1263 1478 1437 1511 exorare,
1458 1472 1503 1502 ut
1520 1477 1679 1502 maneas

146 1542 310 1580 triduum
338 1542 405 1579 hoc
416 1541 464 1579 ‚9'’
490 1542 562 1580 &c.
613 1540 764 1578 Noster
791 1539 889 1577 Cist.
921 1545 1006 1578 104.
1063 1539 1222 1578 “Hanc
1258 1539 1326 1578 hoc
1362 1540 1523 1578 triduom
1553 1539 1680 1577 solum

147 1617 250 1655 sinas
279 1630 363 1655 esse
390 1615 492 1654 hic.”
545 1615 663 1653 Cure.
682 1619 771 1653 212.
827 1613 960 1664 “Ego
987 1613 1056 1652 hoc
1079 1620 1119 1652 te
1140 1613 1303 1652 triduom
1329 1627 1534 1665 nunquam
1557 1614 1686 1652 sinam>

148 1691 198 1729 In
216 1691 335 1729 domo
352 1703 436 1728 esse
455 1689 587 1728 istac.'’
642 1688 783 1726 Pseud.
804 1693 891 1727 315.
938 1694 963 1710 “
977 1688 1034 1726 Ut
1051 1688 1258 1738 opperiare
1277 1688 1343 1726 hos
1360 1702 1425 1727 sex
1443 1687 1525 1725 dies
1544 1688 1681 1726 saltem

147 1765 300 1803 modo.''
354 1764 417 1802 De
435 1770 613 1814 ternpore
631 1769 764 1800 autem
778 1762 989 1814 praeterito,
1019 1762 1148 1814 Supra
1165 1767 1228 1801 28.
1256 1776 1323 1813 qu.
1341 1762 1422 1802 vid.

221 1870 311 1910 286.
376 1864 616 1913 Elecebrae
640 1863 954 1926 argentariae]
1000 1866 1163 1919 Money
1183 1879 1413 1920 spungew.
1462 1872 1483 1885 ’¹
1496 1870 1562 1908 Ab
1579 1869 1682 1908 elici-

150 1952 244 1991 endo
260 1957 418 2003 argento
436 1951 594 1989 dictae.“
623 1950 775 1988 Festus.
803 1948 911 1987 Vide
924 1949 966 1987 in
980 1963 1017 1987 v.
1028 1948 1118 1993 267.
1157 1948 1304 1988 Bacch.
1319 1954 1410 1996 907.
1443 1952 1467 1970 “
1479 1948 1684 1987 Exlecebra

152 2027 218 2065 fiet
235 2025 354 2064 hodie
371 2039 465 2063 auro
483 2024 620 2063 senis.”
652 2029 763 2062 1135.
819 2030 846 2046 “
858 2023 1002 2062 Probri
1017 2024 1248 2076 perlecebroe
1267 2031 1307 2062 et
1324 2022 1643 2075 persuastrices.”

155 2148 158 2149 ’
225 2141 314 2179 287·
379 2130 492 2178 Sine
503 2147 579 2177 me
591 2127 747 2188 dum]
784 2137 967 2175 Sinedum
978 2150 1050 2189 per
1061 2138 1204 2176 tmesin
1219 2137 1476 2190 disjungitur.
1496 2137 1612 2188 Supr.
1626 2141 1686 2175 88.

240 2270 307 2276 —-
380 2240 494 2288 Tibi
517 2240 655 2301 dica]
708 2248 819 2287 Infra
838 2254 926 2295 598.
981 2250 1096 2287 Cure.
1116 2254 1203 2292 517.
1259 2248 1412 2286 “Heus
1429 2254 1495 2286 tu:
1524 2246 1593 2284 tibi
1611 2260 1687 2297 ego

155 2328 237 2366 dico
249 2329 289 2364 !''
345 2327 494 2365 Bumu:
531 2327 582 2365 ad
618 2327 777 2366 Petron.
814 2327 896 2365 Sat.
933 2328 1029 2379 Cap.
1057 2327 1107 2367 64
1117 2341 1130 2373 ;
1166 2327 1234 2373 ait,
1261 2325 1488 2364 ''Formula
1518 2332 1578 2364 est
1607 2337 1688 2363 non

158 2403 275 2440 modo
299 2403 516 2450 excitantis,
549 2402 619 2454 [ut
647 2403 738 2441 Ter.
756 2402 858 2441 Hec.
872 2402 946 2441 IV.
968 2415 994 2441 1.
1013 2402 1075 2453 8.]
1103 2401 1172 2440 sed
1199 2408 1238 2439 et
1267 2400 1508 2451 increpantis
1536 2406 1577 2438 et
1608 2406 1686 2438 sto-

159 2477 423 2516 machabundi
436 2484 478 2515 :“
504 2484 545 2516 et
563 2477 658 2516 citat
676 2477 834 2514 Phaedr.
854 2477 951 2514 Fab.
973 2476 1045 2515 IV.
1066 2490 1148 2514 xlx.
1170 2482 1229 2515 18.
1273 2481 1298 2497 “
1319 2474 1407 2513 Tibi
1426 2474 1519 2520 dico,
1538 2476 1690 2512 avare.”

160 2554 239 2591 Ov.
258 2553 357 2591 Met.
377 2553 452 2591 IX.
475 2558 559 2591 121.
596 2558 640 2608 '“
657 2551 757 2599 Tibi,
786 2551 913 2590 Nesse
929 2551 1124 2596 biformis,
1152 2549 1349 2588 dicimus.''

235 2663 324 2703 290·
388 2651 578 2701 Tetulit
608 2649 818 2716 pedem]
875 2655 955 2696 Set
975 2656 1073 2709 foot
1105 2656 1166 2695 in.
1237 2659 1378 2697 Tetulit
1415 2666 1528 2698 vetus
1563 2660 1690 2697 forma

160 2754 234 2791 pro
258 2739 354 2777 tulit.
409 2741 519 2779 Infra
536 2746 623 2779 532.
677 2740 769 2779 Ter.
790 2739 916 2778 Andr.
938 2739 1010 2777 1V.
1028 2753 1063 2776 v.
1087 2745 1145 2777 13.
1202 2746 1227 2761 “
1242 2740 1456 2790 Nunquam
1486 2738 1566 2778 huc
1594 2744 1691 2777 tetu-

163 2814 283 2852 lissem
298 2814 464 2866 pedem.''
518 2814 629 2853 Infra
647 2819 734 2859 309.
790 2813 1033 2851 “Penelravi
1047 2812 1211 2864 pedem.'’
