1864 3152
640 265 706 306 IN
744 265 1196 308 AULULARIAM.
1587 267 1672 311 189

150 393 305 446 jamdiu
326 393 418 433 VV.
443 393 535 432 DD.
557 392 754 432 dederunt
776 394 818 432 in
837 395 924 434 loco
943 403 1095 441 vexato,
1126 395 1242 446 Virg.
1262 394 1345 433 Ecl.
1365 393 1435 432 IV.
1463 393 1524 433 60.
1570 400 1595 417 “
1610 394 1677 432 In-

154 466 254 518 cipe,
281 480 403 518 parve
427 480 540 518 puer,
564 464 648 508 risu
674 478 896 519 cognoscere
922 471 1124 508 matrem.”
1177 469 1259 516 Qui
1280 468 1404 514 locus,
1424 467 1457 506 si
1485 481 1576 506 cum
1604 468 1679 507 hoc

154 550 288 581 nostro
314 549 574 595 comparetur,
592 557 672 582 non
695 543 811 582 aliam
835 544 985 595 patitur
1009 544 1495 596 significationem-quam,
1513 551 1676 582 matrem

154 626 263 657 tuam
289 633 338 659 ex
369 619 475 658 illius
504 620 587 658 risu
615 633 863 672 cognoscere,
904 620 965 669 (to
992 619 1196 670 recognise
1224 620 1308 666 her,
1343 621 1399 671 by
1427 620 1499 659 her
1534 619 1677 670 smile.)

156 691 247 728 Non
282 692 663 750 praetermittendum
697 699 831 731 autem
867 691 975 743 quod
1012 691 1143 730 Plauti
1172 692 1303 731 locum
1339 691 1380 729 in
1411 698 1580 743 utraque
1609 705 1679 730 sua

157 764 329 803 editione
359 765 513 805 dederit
540 765 711 805 Bothius
741 780 762 804 e
794 764 895 804 voltu
923 779 1115 817 cognosco,
1145 764 1226 810 sed,
1257 772 1304 804 ut
1330 765 1499 811 videtur,
1527 766 1678 816 absque

156 840 362 879 Mstorum
387 841 629 880 auctoritate.

226 955 315 999 677.
379 950 608 998 Pessume
642 947 879 1009 ornatus]
944 954 1003 994 In
1037 968 1064 994 a
1100 966 1224 1007 sorry
1251 954 1409 1007 plight.
1457 957 1482 995 i.
1501 971 1535 996 e.
1579 957 1678 996 male

152 1036 375 1075 mulctatus.
428 1037 574 1083 Ironia,
599 1037 668 1088 qui
696 1045 757 1076 est
781 1050 876 1075 usus
901 1036 1112 1088 participii,
1138 1036 1268 1074 minus
1294 1036 1480 1087 frequens
1505 1036 1678 1087 quidem,

155 1113 224 1153 sed
251 1113 361 1151 haud
383 1114 575 1165 exemplis
601 1127 748 1152 carens.
805 1113 865 1151 Ita
894 1120 1000 1152 recte
1031 1112 1192 1158 Pareus,
1223 1112 1401 1151 ’'Or-rtari
1428 1113 1470 1150 in
1499 1113 1679 1164 sequiore

154 1201 283 1233 sensu,
298 1187 349 1226 de
371 1187 631 1226 infortunio.“
658 1195 703 1226 ut
725 1187 825 1225 nihil
842 1200 943 1238 opus
961 1187 1012 1224 sit
1033 1186 1084 1224 ad
1102 1193 1296 1231 ornatum,
1315 1186 1544 1238 nuptiarum
1563 1199 1679 1224 eausa

154 1270 395 1315 susceptum,
429 1263 589 1308 referre,
626 1275 717 1301 cum
753 1262 899 1300 dixerit
933 1261 1178 1312 Megadorus
1204 1260 1266 1312 [v.
1290 1262 1404 1314 495]
1438 1274 1530 1300 eum
1561 1260 1679 1299 nihilo

156 1337 368 1376 nitidiorem
404 1350 484 1375 esse
504 1336 611 1387 filioe
642 1336 683 1374 in
713 1336 869 1387 nuptiis.
925 1335 1054 1373 Multo
1088 1335 1220 1373 minus
1252 1348 1344 1373 cum
1373 1335 1590 1373 Somnum
1628 1334 1679 1373 ad

153 1425 295 1450 aurum
325 1412 484 1457 referas,
517 1425 598 1462 quo
620 1410 790 1462 pessime
821 1423 863 1448 se
893 1410 1177 1461 locupletatum
1209 1409 1322 1461 queri
1353 1408 1589 1447 Euclionem
1616 1409 1677 1446 in-

154 1487 309 1538 telligit.
364 1487 499 1525 Habet
526 1485 689 1537 quidem
717 1484 813 1524 Cod.
847 1484 902 1522 H.
924 1489 961 1523 2.
997 1489 1177 1529 ormatus,
1216 1483 1258 1520 in
1289 1496 1408 1534 quam
1438 1495 1574 1520 vocem
1604 1494 1679 1533 pro

153 1563 279 1614 gloss:
312 1561 423 1600 addit
450 1562 492 1600 in
518 1575 653 1612 marg:
681 1560 827 1612 ’Ἕρμος
855 1560 994 1598 Graece
1015 1564 1166 1611 portus,
1199 1558 1306 1597 unde
1331 1563 1500 1596 armatus
1525 1557 1678 1596 ancoris

153 1637 337 1688 alligatus
383 1636 554 1675 dictum:
599 1648 735 1674 sensus
769 1648 876 1686 ergo,
918 1634 960 1672 in
994 1634 1209 1686 pessimum
1244 1634 1432 1672 devectus
1475 1638 1677 1684 portum.“

155 1711 258 1749 Item
285 1710 382 1748 cod„
411 1710 465 1747 H.
484 1709 522 1748 6.
549 1709 591 1746 in
618 1722 741 1760 marg.
766 1706 939 1759 ”ᾰρμάω,
967 1708 1161 1759 impetum
1186 1708 1327 1746 facio.“
1354 1706 1424 1745 sed
1449 1707 1538 1745 falsi
1564 1713 1666 1745 sunt.

228 1821 317 1866 678·
380 1817 602 1876 Gemiti]
657 1827 770 1865 ”Pro
800 1825 976 1878 gemitus,
1015 1826 1134 1863 Non:
1172 1824 1235 1863 all.
1264 1824 1301 1862 h.
1320 1830 1379 1862 t.“
1423 1823 1550 1862 Gloss.
1580 1822 1675 1862 Cod.

157 1904 212 1942 H-
230 1905 267 1945 6.
324 1904 389 1944 Sic
416 1905 545 1956 Supra
571 1911 633 1944 44.
689 1903 864 1948 Quaesti;
893 1918 960 1956 qu.
979 1904 1059 1942 vid.

228 2022 318 2067 679.
380 2015 792 2075 Perditissumus.]
833 2024 962 2076 Supra
989 2029 1075 2067 587.

234 2145 322 2184 681.
387 2136 602 2198 Sedula]
662 2142 900 2198 Caresulby.
953 2145 1252 2196 ”Diligenter.“
1305 2145 1409 2182 Con.
1439 2144 1516 2181 Ms.

229 2265 317 2304 683.
383 2259 500 2307 Bleo
532 2257 695 2319 mala]
759 2263 819 2304 At
856 2277 926 2317 my
960 2276 1172 2318 apen-w,-
1215 2266 1257 2302 to
1291 2274 1360 2314 my
1388 2264 1488 2301 eost.
1545 2264 1676 2316 Supra

157 2353 245 2392 379.
272 2347 321 2384 G.
376 2346 481 2384 Men.
509 2351 571 2389 57.

229 2460 319 2500 684.
382 2451 626 2518 Ejulans]
690 2458 916 2510 flowing,
947 2458 1167 2510 meaning.
1229 2458 1423 2511 ὀλολόζων.
1460 2459 1571 2496 Infra
1588 2462 1674 2501 753.

159 2543 325 2596 Ejulare
346 2550 406 2582 est
433 2542 603 2581 violente
630 2549 670 2580 et
697 2541 775 2579 alta
802 2554 898 2580 voce
924 2541 1090 2593 plorare.
1144 2541 1224 2579 Cic.
1257 2540 1374 2578 Tusc.
1400 2539 1478 2587 Qu.
1503 2538 1592 2576 Lib.
1617 2536 1673 2575 11.

113 2640 117 2644 f
157 2623 185 2639 “
201 2616 463 2667 Ingemiscere
482 2628 765 2666 nonnunquam
795 2615 880 2652 viro
908 2627 1136 2653 concessum
1160 2621 1241 2659 est;
1274 2613 1423 2665 ejulare
1446 2625 1496 2650 ne
1519 2610 1674 2649 mulieri

158 2691 355 2742 quidem.”
410 2691 537 2742 Supra
565 2695 651 2733 273.
708 2689 762 2727 Et
797 2689 852 2727 sic
883 2689 997 2727 Con:
1027 2689 1114 2726 Ms:
1153 2687 1320 2738 '’Ejulo,
1357 2687 1406 2725 ad
1444 2699 1578 2725 vocem
1613 2698 1673 2723 re·-

158 2765 323 2803 fertur.“
