1864 3152
189 253 280 296 152
741 253 984 295 GLOSSA
992 251 1109 296 RIU
1117 253 1164 294 M

260 390 347 430 116.
414 383 616 445 Nimim]
682 387 791 443 Very
809 392 952 442 great.
1008 391 1113 431 Vide
1140 391 1274 443 Supra
1301 404 1339 430 v.
1356 396 1400 430 5.·

259 510 345 548 117.
410 498 525 548 Meo
546 500 744 561 animo]
787 503 853 545 To
873 517 945 558 my
965 504 1102 546 mind.
1147 508 1238 547 Mea
1256 507 1462 547 sententia„
1513 507 1622 546 Infra
1643 511 1728 547 144.

264 643 332 653 -
407 616 801 683 Subcingulum.]
867 623 1031 667 Girdle.
1088 628 1282 668 Balteum.
1337 631 1373 668 Λ
1402 628 1485 674 sub,
1514 636 1555 668 et
1580 628 1703 680 cingo.

259 746 344 786 119·
410 735 590 798 Vivis]
650 746 726 785 Pro
752 760 804 785 es.
860 747 1012 787 Passim
1041 750 1150 801 apud
1179 751 1383 789 Nostrum.

262 890 330 899 —
406 858 694 927 llfforigera]
734 867 963 921 obliging‚·
991 869 1380 924 accommodating.
1429 870 1532 910 Meis
1550 870 1729 909 moribus

177 958 313 984 morem
327 946 437 999 geris
447 962 465 991 ;
494 948 568 999 (H.
586 962 620 987 e.
637 949 862 1000 obsequens
881 950 955 1001 es.)
1008 950 1105 989 Cist.
1126 956 1188 990 84.
1245 956 1270 974 “
1287 950 1423 990 Gessit
1442 963 1593 988 morem
1614 949 1729 988 mori-

174 1034 284 1074 geroe
299 1021 435 1061 mihi.”
483 1028 569 1067 175.
611 1029 638 1046 “
653 1024 776 1064 Facta
794 1025 986 1077 morigera
1006 1033 1066 1064 est
1085 1026 1208 1064 viro.''
1227 1027 1300 1066 &c-
1343 1026 1455 1064 Infra
1473 1025 1563 1071 690.
1601 1026 1730 1064 Gloss.

255 1141 340 1176 120,
407 1130 706 1193 Animatos.]
755 1136 1198 1191 Disposed‚minded.
1240 1139 1729 1194 Amph.61o.“1taani-

176 1222 303 1256 matus
320 1217 417 1256 fui.”
474 1218 622 1257 Pseud.
643 1224 729 1258 148.
786 1225 813 1242 “
828 1219 888 1258 lta
907 1233 977 1258 vos
999 1220 1159 1259 animati
1177 1219 1308 1259 estis.”
1361 1218 1483 1257 Truc.
1503 1223 1592 1263 927.
1648 1223 1675 1240 “
1688 1217 1727 1256 Si

179 1293 279 1346 quid
306 1292 514 1332 animatu’s
539 1294 708 1334 facere.''

256 1416 341 1450 122.
408 1403 606 1466 Minis]
666 1414 782 1454 Mina
816 1415 944 1455 Attica
977 1416 1230 1467 intelligitur,
1267 1429 1358 1468 quae
1393 1428 1442 1454 ex
1476 1413 1730 1467 septuaginta

179 1492 359 1545 quinque
386 1492 588 1533 drachmis
615 1495 832 1534 constabat.
886 1494 1006 1535 Cure.
1024 1494 1088 1534 68.

261 1632 329 1641 —-
403 1599 599 1662 Anum]
654 1606 767 1649 Last
783 1621 903 1661 year.
947 1612 1164 1651 Absolute:
1197 1612 1425 1651 Subaudito
1441 1611 1594 1651 abhinc.
1623 1612 1728 1651 Con-

176 1696 250 1735 tra,
280 1689 427 1732 bernw
456 1688 555 1741 (this
582 1689 709 1740 year.)
765 1689 894 1729 Lucil.
926 1690 1128 1729 XXVIII.
1160 1692 1240 1742 (ap.
1273 1690 1378 1728 Non.
1404 1691 1500 1743 Cap.
1531 1690 1588 1728 11.
1618 1691 1726 1740 408.)

179 1764 370 1804 “Utrum
404 1777 506 1803 anno
541 1777 591 1802 an
627 1764 754 1803 horno
789 1772 829 1804 te
864 1765 1076 1805 abstuleris
1111 1780 1134 1804 a
1171 1765 1296 1805 viro.''
1350 1765 1501 1818 Amph.
1531 1764 1638 1803 Prol.
1663 1770 1727 1810 91.

177 1820 204 1862 3‘
220 1839 447 1879 Histriones
473 1852 575 1878 anno
603 1839 749 1879 Jovem
775 1839 1050 1879 invocaruntf
1105 1840 1147 1892 (i.
1167 1854 1199 1879 e.
1230 1853 1335 1879 anno
1358 1838 1584 1892 superiore.)
1641 1838 1726 1878 Cic.

182 1916 268 1954 Att.
287 1928 326 1953 v.
347 1920 395 1961 Ως
433 1914 501 1953 Ad
519 1927 690 1957 annunu
724 1913 907 1953 subaud.
927 1914 1143 1953 venientem.
1198 1914 1278 1967 (sor
1307 1913 1375 1953 the
1404 1914 1564 1965 coming
1588 1913 1715 1966 year.)

255 2038 341 2073 123.
407 2026 666 2076 Perierunt
697 2027 879 2092 plane.]
944 2032 1034 2074 Are
1057 2034 1174 2073 clear
1194 2033 1289 2073 lost.
1347 2036 1439 2076 Hoc
1466 2050 1599 2084 sensu,
1628 2037 1724 2076 Juv.

177 2115 260 2155 Sat.
293 2114 368 2154 IV.
401 2113 463 2155 56.
516 2115 786 2153 “Donabitur
823 2123 933 2166 ergo,
971 2128 1023 2153 ne
1054 2116 1226 2166 pereat.’'
1282 2114 1376 2153 VII.
1408 2121 1499 2155 222.
1554 2115 1725 2154 “Dum-

177 2189 298 2229 modo
311 2202 392 2228 non
406 2194 555 2242 pereat,
575 2188 718 2228 mediae
737 2188 846 2241 quod
865 2189 993 2229 noctis
1011 2190 1062 2228 ab
1079 2189 1177 2227 hora
1196 2188 1382 2228 Sedisti.’¹
1426 2189 1517 2229 Aul.
1529 2195 1619 2229 205.
1639 2190 1725 2242 (qu.

179 2265 279 2317 vid.)
325 2271 351 2288 “
364 2264 473 2305 luaec
491 2265 646 2305 occasio
660 2264 815 2317 periit.''
858 2264 960 2303 Rud.
973 2270 1063 2304 303.
1106 2270 1131 2287 “
1145 2264 1247 2322 Eam
1268 2272 1441 2311 veretur,
1460 2278 1510 2304 ne
1525 2265 1722 2317 perierit.”

172 2441 175 2443 ‚
254 2393 340 2435 126.
407 2388 855 2450 scitamentorum]
932 2392 1062 2434 Some
1106 2392 1343 2434 delicacies.
1418 2396 1567 2436 Gnosi:
1619 2397 1722 2435 Lea.

180 2476 308 2516 Planc.
362 2477 383 2491 ’'
396 2474 627 2515 scitamenta
670 2483 764 2514 sunt
803 2475 997 2528 cupediae,
1043 2474 1196 2515 deliciae
1235 2475 1426 2514 ciborum.
1481 2474 1720 2521 ῚΙὸύσματα.

177 2551 300 2605 Apul.
331 2551 428 2590 Met.
459 2550 533 2589 lx.
587 2549 825 2596 “Crustula‚
857 2558 899 2589 et
934 2550 1141 2603 complura
1175 2551 1460 2589 scitamenta.’·“
1516 2550 1724 2590 Translate

178 2641 314 2667 vocem
353 2627 563 2680 usurpavit
593 2625 762 2671 Gellius,
801 2626 950 2677 (xvm.
980 2628 1048 2677 83)
1086 2639 1160 2678 pro
1188 2625 1400 2677 eloquendi
1439 2627 1652 2666 venet-ibus
1683 2635 1723 2666 et

174 2701 430 2743 ornamentis.
487 2702 594 2741 Bene
629 2701 680 2742 de
716 2700 871 2754 origine
908 2701 1016 2741 vocis
1047 2700 1132 2751 agit
1162 2700 1371 2740 Boxhorn:
1411 2701 1517 2741 ”Est
1546 2702 1645 2742 cibis
1682 2710 1722 2741 et

177 2778 440 2820 condimentis
476 2778 596 2817 etiam
633 2790 728 2817 suus
765 2784 938 2816 ornatus.
997 2776 1095 2815 Inde
1130 2777 1361 2820 scitamenta.
1400 2777 1483 2817 sive
1509 2777 1598 2817 sciti
1631 2775 1720 2822 cibi,

177 2853 365 2907 utsacetv'
391 2852 480 2898 eibi,
509 2852 551 2905 (i.
569 2867 602 2892 e.
631 2852 797 2905 pulcri,)
824 2851 1117 2905 appellantur.“
