1864 3152
730 272 1165 316 MENAECHMEI.
1684 270 1741 314 49

284 407 385 463 Qui
409 408 500 455 nisi
525 406 697 462 adsint,
734 422 872 470 quom
906 407 1128 460 citentur,
1165 420 1330 451 census
1358 403 1549 467 capiant
1573 402 1736 450 eloco?

283 490 492 537 Affatim
542 497 613 538 est
658 487 922 543 hominum,
974 490 1024 535 in
1072 487 1173 535 dies
1221 487 1302 549 qui
1353 484 1565 549 singulas
1612 500 1738 532 escas

481 571 645 626 edunt,

1661 570 1739 610 360

282 655 471 712 Quibus
510 656 693 719 negotii
734 654 858 702 nihil
900 662 985 709 est,
1030 655 1112 718 qui
1152 669 1280 701 esum
1320 669 1474 715 neque
1510 657 1737 699 vocantur

476 738 630 802 neque
661 745 829 785 vocant
845 753 857 791 ;

282 821 380 869 Eos
416 829 600 886 oportet
632 821 843 869 concioni
875 820 986 868 dare
1022 836 1206 883 operam
1247 826 1391 882 atque
1426 817 1646 865 comitiis.

286 905 335 952 Si
370 905 422 952 id
450 906 519 952 ita
544 911 680 959 esset,
713 920 806 951 non
837 920 924 967 ego
956 902 1097 950 hodie
1125 901 1434 966 perdidissem
1466 899 1736 965 prandium,

281 987 412 1043 Quoi
434 995 531 1036 tam
561 986 698 1034 credo
718 985 858 1033 deum
884 985 1100 1041 voluisse,
1134 1001 1273 1048 quam
1303 1000 1380 1031 me
1404 983 1541 1030 video
1565 982 1735 1029 vivere.

208 1114 233 1131 v.
250 1107 304 1132 ³59.
339 1107 369 1131 B.
387 1108 408 1136 1,
427 1113 522 1132 census
536 1106 701 1137 percupiam
714 1106 795 1131 illico.
829 1104 859 1129 B.
873 1111 896 1134 c,
913 1110 1008 1130 census
1023 1103 1163 1134 accipiant
1180 1103 1368 1128 mooe—³61.
1387 1102 1472 1127 Abest
1481 1102 1526 1127 hic
1537 1108 1629 1126 versus
1643 1108 1660 1126 a
1671 1100 1736 1126 eod.

151 1149 181 1174 Β.
193 1149 362 1180 ο.-ριιῶω,
380 1148 446 1174 elisa
463 1148 540 1173 litera
558 1154 572 1173 e
591 1147 711 1180 (Quibu')
733 1145 1045 1179 pronuntiand.—-—362.
1065 1146 1128 1174 Eos,
1146 1143 1291 1176 monoeyn.
1325 1144 1412 1175 Supra
1429 1143 1602 1168 aaa—4363.
1620 1142 1658 1172 Si,
1682 1149 1740 1167 uon

147 1190 394 1222 liquescit—³64.
414 1190 443 1214 B.
458 1190 479 1219 1,
508 1189 538 1213 B.
551 1196 574 1218 c,
604 1189 656 1213 Cui
673 1190 730 1213 tam
750 1188 830 1213 credo
850 1188 947 1212 datum
967 1187 1089 1212 voluisse.
1124 1185 1196 1211 Vide
1216 1185 1245 1210 in
1267 1185 1343 1211 Nott.
1378 1185 1412 1210 In
1436 1185 1467 1210 B.
1480 1192 1504 1215 c,
1527 1191 1592 1210 vero
1612 1184 1739 1216 ambigue

146 1233 276 1264 scriptum
295 1237 335 1257 ent
355 1233 480 1262 uoluisse,
504 1235 562 1263 (per
578 1231 684 1256 literam
703 1231 743 1260 u,)
761 1230 834 1255 unde
851 1233 912 1255 orta
928 1232 969 1254 est
986 1228 1067 1254 lectio
1084 1228 1203 1253 noluisse
1218 1227 1248 1252 in
1267 1228 1431 1259 quibusdam
1446 1227 1539 1256 libris;
1558 1234 1619 1258 quae
1634 1227 1656 1252 si
1676 1233 1739 1252 vera

146 1275 188 1305 sit,
208 1275 311 1300 vocales
328 1275 358 1300 ui
373 1275 402 1300 in
418 1281 502 1300 unam
518 1274 578 1306 sylL
595 1272 788 1298 contrahendae
804 1275 875 1301 sum,
893 1274 925 1296 ut
942 1272 1029 1303 supra
1038 1271 1092 1300 276,
1110 1270 1142 1295 iu
1159 1270 1188 1295 in
1205 1277 1264 1295 voc.
1280 1270 1444 1301 prandium.

200 1368 289 1407 359.
346 1361 494 1399 Census
511 1359 706 1412 capiant]
756 1359 905 1410 Magis-

148 1433 288 1470 tratus,
333 1423 506 1463 censibus
545 1422 680 1475 captis,
725 1436 791 1460 eos
837 1423 907 1473 qui

150 1489 277 1528 vocati
296 1488 346 1526 ad
365 1488 596 1527 concionem
616 1499 698 1524 non
711 1486 906 1531 venerint,

150 1553 332 1591 multent.
361 1553 498 1590 LAMB.
528 1550 907 1602 ExplicatPAmws,

152 1614 387 1667 Pignoribus
421 1615 639 1666 capiantur.
703 1614 753 1651 In
789 1627 909 1665 quem

151 1679 314 1717 adnotat
333 1679 479 1716 GRAv:
508 1679 530 1692 ’'
544 1677 786 1728 Pignoribus
801 1690 909 1715 coer-

151 1743 230 1782 ceri
249 1743 494 1787 dicebantur,
521 1755 569 1780 ex
594 1755 765 1792 quorum
783 1739 909 1778 domi-

150 1808 226 1845 bus
237 1806 406 1858 pignora
417 1805 686 1856 capiebantur,
699 1811 911 1855 propterea

153 1870 262 1920 quod
292 1882 372 1907 non
404 1866 698 1919 comparuerint
727 1873 796 1904 aut
830 1879 911 1904 non

147 1933 383 1984 juraverint,
443 1945 568 1983 eaque
615 1931 784 1982 pignora
831 1943 911 1967 non

151 1997 419 2035 reddebantur
444 1996 521 2034 nisi
549 1995 660 2046 prius
688 1995 815 2032 soluta
843 2008 911 2045 pe-

153 2060 309 2099 cunia.“
363 2059 510 2110 Amph.
531 2058 634 2096 Prol.
657 2057 719 2096 68.

280 2137 301 2150 ‘¹
315 2134 434 2172 Pignus
454 2133 619 2172 capiantur
637 2132 753 2171 togae.''

204 2219 293 2258 360.
359 2219 410 2256 In
460 2218 540 2257 dies
587 2219 761 2270 singula-5·
805 2231 911 2256 escas

151 2282 302 2334 edunt]
359 2282 412 2320 H.
446 2295 478 2320 e.
516 2281 568 2319 In
605 2281 781 2332 singulos
817 2281 910 2326 dies,

131 2345 330 2398 ‘singulas
350 2352 472 2383 'escas
511 2345 623 2383 edunt
635 2359 652 2387 ,·
702 2345 805 2383 ‘Eat
838 2347 913 2383 but

152 2423 226 2448 one
262 2409 364 2448 meal
399 2423 422 2447 a
457 2409 559 2460 day.’
613 2409 732 2446 Domi
768 2423 912 2460 nempe

154 2487 245 2512 cum
294 2474 414 2512 semel
461 2473 674 2524 prandium
723 2473 911 2523 ceperint,

152 2549 349 2587 nusquam
367 2537 471 2575 foras
488 2536 531 2574 in
545 2549 697 2575 coenam
712 2543 913 2574 vocantur.

155 2599 275 2645 Quod
309 2601 518 2651 magnifice
549 2601 727 2651 loquitur
759 2599 913 2638 Parasi-

155 2668 242 2708 tus;
279 2664 480 2711 nimirum,
511 2665 603 2703 Sese
630 2665 802 2716 aliquem
830 2677 914 2702 cre-

155 2725 253 2764 dens
297 2728 405 2778 quod
448 2728 533 2779 ipse
575 2728 692 2766 toties
739 2728 914 2779 injussus

155 2787 298 2839 hospes
332 2790 469 2829 alienae
499 2804 645 2829 mensae
680 2792 913 2830 accumbere

156 2850 309 2889 soleret.
356 2852 538 2903 Singulas
556 2861 688 2891 autem
703 2867 794 2891 cum
808 2866 914 2890 escas

288 2927 310 2937 .-

293 2939 302 2963 l

972 1364 1079 1396 arcte
1097 1356 1395 1408 accipiendum:
1437 1357 1508 1406 (In
1527 1357 1645 1408 Epid.
1661 1363 1710 1396 52
1725 1372 1735 1403 3

974 1427 1000 1444 “
1013 1421 1062 1458 In
1077 1420 1161 1458 dies
1175 1421 1382 1471 minasque
1398 1421 1611 1471 singulas,”
1631 1421 1736 1459 Con-

974 1484 1139 1523 structio
1158 1490 1229 1531 est,
1246 1483 1433 1536 Singulas
1450 1484 1577 1523 minas
1595 1483 1636 1521 in
1656 1483 1739 1523 dies

975 1547 1184 1598 singulos.)
1464 1581 1466 1583 .

1028 1622 1118 1661 361.
1174 1621 1328 1673 Negotii
1364 1620 1498 1673 nilla]
1556 1621 1738 1660 Ridicule

977 1687 1129 1725 dictum
1140 1701 1153 1732 ς
1179 1698 1372 1737 magnum
1386 1685 1536 1724 scilicet
1550 1684 1739 1737 negotium

977 1750 1055 1788 fuit
1094 1750 1219 1801 ipsius
1266 1749 1456 1794 Peniculi,
1499 1749 1569 1800 qui
1615 1755 1739 1787 totam

978 1826 1139 1864 operam
1170 1812 1212 1850 in
1245 1819 1335 1851 cute
1363 1812 1538 1851 curanda
1564 1812 1739 1850 insume-

977 1878 1057 1922 bat,
1086 1883 1126 1915 et
1151 1877 1195 1914 id
1222 1876 1350 1914 solum
1377 1876 1534 1914 assidue
1557 1878 1712 1927 agebat.

1030 1951 1119 1990 363.
1187 1950 1448 1990 Perdidissem
1491 1950 1739 2003 prandium]

980 2015 1087 2053 Citat
1101 2015 1266 2053 Casaub.
1281 2014 1323 2051 in
1339 2013 1541 2065 Theophr.
1557 2014 1739 2053 Chai-act.

977 2079 1100 2118 VIII.
1115 2079 1249 2129 adfin.
1271 2077 1672 2131 Παρεὸειπνήθησα
1682 2096 1710 2115 ν.

1029 2154 1117 2194 364.
1174 2153 1272 2196 Quoi
1285 2158 1361 2191 tam
1377 2153 1500 2198 credo,
1516 2154 1617 2205 etc.]
1650 2153 1740 2192 Sto-

978 2218 1196 2257 machantis
1221 2223 1261 2255 et
1283 2230 1389 2267 aegre
1415 2216 1578 2255 ferentis
1603 2217 1738 2255 oratio.

979 2281 1102 2330 Quoi
1121 2280 1249 2330 (mihi,
1270 2280 1348 2330 cui)
1366 2286 1457 2317 tam
1481 2279 1620 2317 credo
1642 2279 1739 2331 (tam

979 2351 1110 2383 certus
1129 2342 1234 2395 sum)
1261 2343 1410 2381 Deum
1437 2342 1648 2380 voluisse
1666 2341 1738 2392 (id,

978 2421 1134 2458 nempe,
1176 2412 1217 2444 ut
1257 2405 1467 2457 prandium
1508 2404 1740 2456 perderem)

981 2484 1116 2522 quam
1150 2470 1290 2508 video
1321 2483 1390 2507 me
1425 2468 1598 2506 vivere.
1651 2470 1664 2488 ‘
1679 2468 1741 2506 To

981 2535 1113 2572 whom
1142 2547 1183 2571 as
1212 2546 1302 2571 sure
1332 2545 1375 2570 as
1407 2532 1423 2569 I
1448 2531 1527 2568 live
1549 2530 1617 2568 the
1638 2530 1739 2581 gods

983 2598 1046 2648 (or
1077 2599 1177 2649 fate)
1210 2595 1401 2634 intended
1432 2594 1511 2631 this
1543 2593 1708 2633 disaster
1718 2597 1741 2631 :'

981 2662 1026 2714 (I
1034 2676 1095 2700 am
1109 2660 1280 2711 satiffied
1280 2658 1448 2710 fortune
1461 2663 1584 2696 meant
1599 2663 1636 2696 to
1644 2658 1740 2710 play

981 2739 1037 2763 me
1055 2725 1131 2764 this
1149 2723 1279 2773 triclc.)
1330 2721 1422 2759 Ter.
1435 2721 1537 2758 Eun.
1551 2721 1602 2759 V.
1618 2734 1664 2759 11.
1678 2721 1740 2761 36.

982 2794 1009 2810 “
1027 2788 1138 2835 Quid
1187 2786 1218 2824 si
1262 2785 1338 2823 hoc
1387 2783 1583 2835 quispiam
1627 2784 1740 2822 voluit

981 2851 1127 2889 ἀπὸ-φ’
1183 2848 1383 2899 Equidem
1418 2847 1552 2886 Bothii
1585 2848 1739 2899 conjec-
