1864 3152
650 283 716 324 IN
754 282 1213 325 AULULARIAM.
1591 285 1679 327 183

157 420 266 446 remo
293 407 401 446 hunc
417 407 501 459 jam
523 408 831 459 permutavi.”“
883 407 998 446 Idem
1026 406 1157 451 habet,
1186 404 1362 450 ductavi,
1390 417 1466 457 pro
1488 405 1680 444 eluctatus

156 495 268 528 sunu
295 481 509 535 auspicavi,
534 495 611 534 pro
632 483 860 534 auspicatus
888 495 1000 527 sum;
1028 479 1222 532 aucupavi
1233 494 1251 522 ;
1279 479 1467 532 dignavi;
1496 481 1566 518 διο.

230 599 319 638 613·
385 591 652 653 socienno]
716 598 990 652 Accomplice.
1046 601 1159 640 Socio
1182 609 1277 647 tuo;
1312 601 1479 640 conscio.
1532 599 1679 652 Amph.

159 689 247 723 231.
302 682 640 734 “Amphitruonis
665 681 915 720 sociennum.”
969 680 1076 718 Non.
1099 681 1194 732 Cap.
1222 680 1279 718 ΙΙ.
1304 685 1391 726 793.
1421 680 1559 732 (quem
1587 680 1681 719 citat

160 755 287 793 Gloss.
319 754 417 792 cod.
440 754 494 792 H.
514 754 569 805 6.)
625 755 646 768 ''
661 753 853 799 Socienno,
895 766 969 805 pro
1009 754 1126 792 socio.
1182 753 1344 792 Plautus
1381 754 1516 792 Aulul.
1569 753 1682 792 “Ibo

159 830 276 874 intro,
316 836 436 880 atque
469 828 527 866 illi
564 828 737 866 socienno
779 835 851 866 tuo
880 828 965 880 jam
1008 828 1304 880 interstringam
1347 829 1547 880 gulam-''“
1600 829 1682 868 Ubi

160 904 449 943 observandum
478 902 566 941 hinc
601 903 789 941 omissum
816 917 913 949 esse,
949 903 1090 942 melius
1120 903 1283 954 quidem
1310 903 1361 941 ad
1389 911 1573 948 metrum,
1607 917 1682 942 nec

158 980 210 1018 ad
228 993 384 1018 sensum
402 979 585 1017 deterius.
640 978 743 1017 Vide
770 979 879 1016 Nott.
898 978 1013 1017 Critt.
1068 978 1121 1016 Et
1136 985 1299 1030 praestat
1316 978 1372 1016 sic
1389 978 1534 1028 legere,
1562 991 1682 1029 quam

161 1054 268 1106 quod
290 1055 408 1106 jubet
439 1055 583 1092 Noster
612 1053 755 1099 Hau,
792 1055 813 1067 ''
826 1054 1002 1092 Mettum
1035 1053 1210 1104 postulat
1242 1053 1351 1098 socio,
1388 1060 1427 1091 et
1462 1053 1517 1091 sic
1548 1053 1682 1104 plures

161 1128 317 1167 Codd.“

243 1266 311 1275 .-.
386 1238 747 1302 luta-stringam
781 1233 983 1301 gulam]
1051 1240 1150 1281 Will
1179 1241 1365 1282 throttle.
1418 1245 1682 1296 Frequentius

161 1324 417 1376 obstringam:
448 1324 594 1376 Amph.
624 1330 712 1364 801.
767 1323 1137 1375 “Amphitruonem
1168 1321 1261 1361 collo
1284 1322 1379 1362 hinc
1404 1323 1578 1364 obstricto
1603 1333 1682 1364 tra-

162 1399 290 1437 ham.”
343 1399 457 1438 Idem
483 1407 543 1438 est
569 1399 662 1438 Sall.
690 1399 775 1438 Cat.
802 1399 888 1437 LV.
915 1399 981 1437 fin.
1037 1398 1237 1449 “Laqueo
1258 1398 1392 1450 gulam
1403 1398 1605 1452 fregere.''

234 1520 325 1560 614.
388 1516 563 1581 Fugin’
594 1515 719 1572 hinc,
758 1514 872 1576 em]
937 1524 1100 1562 confert
1142 1524 1292 1563 Noster
1328 1525 1471 1571 nnn,
1508 1526 1596 1565 ca
1624 1527 1681 1565 11.

165 1609 222 1635 ιν.
250 1603 313 1638 23.
341 1599 455 1651 [193.
474 1600 549 1652 B.]
604 1600 760 1639 “Abin’
786 1600 880 1639 hinc
906 1601 956 1638 ab
982 1601 1106 1640 oculis
1117 1602 1159 1639 ?''

236 1724 324 1764 615.
388 1719 711 1781 Emortuom]
768 1729 876 1767 Men.
913 1728 958 1766 P.
986 1728 1047 1767 36.
1102 1729 1205 1768 vide
1232 1729 1346 1768 Note
1381 1730 1495 1770 erin.
1549 1732 1684 1772 Habet

164 1806 278 1844 Con:
308 1806 395 1844 Ms:
425 1806 552 1858 simpl.
598 1806 805 1845 Mortuum.
848 1807 905 1846 Et
922 1808 978 1846 sic
995 1808 1142 1859 legitur
1159 1808 1202 1846 in
1218 1808 1305 1847 loco
1323 1810 1515 1849 consimili
1531 1812 1683 1864 Amph.

165 1881 254 1921 865.
293 1881 438 1920 “Nam
454 1895 531 1927 me,
557 1895 677 1933 quam
700 1883 809 1922 illam
826 1883 1085 1935 quaestionem
1106 1884 1334 1935 inquisitam
1351 1884 1469 1924 hodie
1490 1887 1682 1935 amittere,

166 1957 358 1997 Mor-tuom
376 1958 497 1996 satius
516 1961 578 1997 ’t.”

247 2095 310 2104 —
389 2065 647 2127 Mavelim]
707 2076 877 2120 Malim;
905 2078 1032 2129 magis
1059 2078 1188 2117 velim.

238 2206 326 2246 616.
391 2202 522 2250 Dem
556 2201 791 2263 insidias]
853 2210 1028 2250 Insidias
1069 2211 1175 2258 dare,
1220 2227 1294 2265 pro
1336 2214 1524 2254 insidiari.
1578 2216 1683 2256 Citat

166 2293 291 2332 Gnou
303 2309 314 2331 :
343 2294 428 2331 Mil.
447 2299 535 2335 305.
590 2294 781 2333 “Eadem
797 2294 855 2332 illi
873 2294 1036 2333 insidias
1052 2296 1185 2335 dabo.”
1231 2297 1376 2336 Pseud.
1390 2303 1477 2344 593.
1531 2299 1683 2339 “Dabo

166 2367 259 2407 hinc
284 2368 479 2407 insidias.”
534 2370 593 2407 Ib.
614 2374 725 2409 1238.
764 2368 854 2408 Etc.

240 2495 330 2541 619.
394 2489 546 2538 Attat
562 2488 598 2551 !]
654 2495 748 2536 But
768 2495 909 2537 hark!
962 2499 1093 2551 Supra
1119 2498 1207 2542 367.

241 2610 331 2650 620.
392 2605 682 2671 Tantisper]
716 2612 993 2654 Meanwhile.
1030 2618 1156 2656 Gloss.
1175 2617 1273 2656 Cod.
1292 2618 1347 2655 H.
1369 2625 1401 2656 1.
1447 2619 1681 2657 ”Interim.·‘

170 2694 202 2731 1.
218 2707 252 2732 e.
290 2694 387 2733 dum
421 2709 562 2734 aurum
595 2697 748 2748 profert
777 2711 906 2736 senex.
961 2699 1201 2750 Plerumque
1228 2699 1303 2738 hoc
1329 2700 1562 2739 adverbium
1588 2714 1679 2740 cum

168 2769 371 2820 particulis
395 2769 497 2814 dum,
525 2770 660 2822 quoad,
688 2779 729 2809 et
753 2771 882 2809 simill.
910 2773 1147 2824 conjunctim
1175 2773 1331 2825 legitur.
