1864 3152
637 239 704 281 IN
739 238 1179 282 MENAECHMOS.
1578 230 1667 286 207

146 366 342 411 volumus,
369 366 418 405 iis
435 366 620 406 helleboro
635 380 737 419 opus
750 381 836 406 esse
853 367 1062 407 dicimus.“
1115 366 1234 406 Adde
1251 365 1303 404 A.
1322 363 1425 403 Gen.
1444 362 1579 402 XVII.
1599 367 1671 407 15;

146 442 216 480 ubi
241 442 367 482 simile
385 442 483 494 quid
504 442 555 481 de
573 443 777 482 Carneade
798 451 981 482 narratur
992 458 1015 490 ;-
1034 450 1075 482 et
1095 442 1194 494 quid
1218 440 1375 480 intersit
1392 440 1496 478 inter
1512 438 1674 489 nigrum

145 523 187 555 et
204 517 418 556 candidum
435 517 653 556 elleborum
672 517 799 556 obiter
817 518 1046 570 explicatur.
1082 517 1195 555 Nost.
1216 515 1358 555 Pseud.
1380 519 1493 553 1183.
1526 518 1552 535 “
1567 510 1674 550 Elle-

147 590 275 629 borum
299 591 407 630 hisce
429 591 657 630 hominibus
675 605 776 643 opus
800 594 895 631 est.¹'
922 594 986 643 (ut
1003 591 1072 643 qui
1091 591 1207 643 plane
1228 589 1455 639 insaniant.)
1509 586 1676 625 Lucian.

150 677 259 706 ΒΙΩΝ
287 677 467 706 ΠΡΑΣΙΣ.
495 670 558 705 23.
612 664 671 703 Οιῖ
703 665 796 714 θέμις
828 664 995 713 γενέσθαι
1024 662 1159 715 σοφόν,
1191 662 1234 708 ἦν
1263 661 1315 710 pq*
1341 661 1418 714 τρὶς·
1443 660 1579 712 ἐφεξῆς
1607 659 1677 697 τοῦ

147 739 357 792 ἐλλεβόρου
387 739 493 793 πίῃς-ζ
548 740 648 778 Hor.
674 741 725 779 A.
745 740 791 778 P.
816 746 904 780 300.
958 740 1144 778 “Tribus
1172 737 1367 790 Anticyris
1397 743 1517 788 caput
1544 735 1677 774 insan-

148 815 287 853 abile.”
339 815 434 854 Juv.
462 816 541 854 Sat.
569 815 691 854 XIII.
717 821 781 861 9¹7.
834 815 915 854 “Si
941 828 1022 853 non
1048 821 1140 866 eget
1167 813 1387 865 Anticyra?
1415 814 1485 851 &c.

232 943 300 951 —
370 912 407 961 J
408 913 586 978 ugere.]
648 906 883 962 ”Dicebant
909 922 1019 961 Vett-
1040 923 1164 975 juger
1189 921 1253 959 vel
1269 922 1411 973 jugus,
1440 926 1486 957 ut
1513 919 1611 957 later
1637 925 1678 957 et

151 1000 254 1038 latus
263 1013 281 1043 ;
311 1000 419 1040 unde
447 1001 490 1039 in
515 1001 705 1053 singulari
729 1001 917 1040 remansit
927 1002 1083 1054 jugere,
1111 1007 1151 1039 et
1173 1000 1278 1051 plur.
1294 999 1459 1050 jugera,
1476 998 1678 1049 jugerum,

153 1076 254 1114 &c.“
308 1075 454 1114 Gnonz
484 1076 593 1115 Lect.
622 1076 752 1114 Plaut.

226 1181 315 1220 816.
378 1175 536 1236 Esse-J
601 1180 668 1221 To
711 1184 796 1221 eat.
867 1184 1062 1222 Comesse.
1117 1183 1232 1220 Curc.
1268 1185 1330 1220 55.
1385 1179 1487 1219 Haec
1521 1179 1681 1218 ridiculi

153 1274 270 1300 causa
295 1261 362 1300 ait.

237 1381 305 1390 —
377 1350 629 1413 Luteum.]
690 1356 731 1397 Y
725 1357 857 1398 ellow.
907 1361 1039 1399 Prima
1057 1360 1144 1412 syll.
1161 1358 1368 1411 producta„
1388 1356 1501 1408 quasi
1519 1370 1542 1394 a
1558 1357 1678 1395 luceo:

154 1436 261 1475 unde
281 1437 444 1475 “Lutea
463 1437 653 1485 Aurora‚”
671 1437 787 1489 Virg.
816 1443 843 1460 “
857 1437 981 1476 Lutea
995 1436 1146 1490 pellis,”
1168 1437 1273 1475 Pers.
1292 1436 1364 1474 &c.
1397 1434 1480 1472 Alii
1492 1435 1543 1479 ab
1560 1433 1685 1472 herba

155 1525 302 1557 crocea,
331 1511 460 1558 lutum,
488 1512 653 1551 ducunt.
706 1513 853 1551 Contra
878 1512 1013 1558 luteus,
1045 1512 1237 1564 (muddy‚)
1264 1510 1394 1562 prima
1418 1508 1545 1555 brevi,
1575 1515 1636 1547 est
1660 1521 1685 1549 a

155 1587 286 1632 lutum,
315 1601 485 1626 coenum.

230 1695 320 1730 818·
384 1686 755 1744 Deliramenta]
843 1689 1070 1731 Delirious
1121 1688 1316 1741 ravinge.
1401 1688 1550 1741 Amph.
1594 1692 1685 1728 544.

158 1778 186 1796 “
196 1772 297 1812 Haec
312 1772 476 1824 quidem
493 1772 740 1811 deliramenta
756 1772 969 1824 loquitur.”
1014 1771 1153 1810 Isidor.
1170 1770 1285 1821 Orig.
1302 1769 1393 1808 Lib.
1412 1769 1464 1807 X.
1490 1770 1514 1783 '⁵
1524 1766 1688 1805 Delirus

157 1855 290 1887 mente
317 1848 509 1894 defectus,
540 1847 622 1886 ἀπό
650 1850 721 1885 τοῦ
746 1846 895 1900 ληρᾷν,
926 1847 991 1886 vel
1018 1846 1127 1898 quod
1152 1860 1177 1884 a
1202 1852 1311 1884 recto
1337 1843 1477 1882 ordine
1502 1849 1545 1881 et
1569 1842 1685 1894 quasi

157 1936 182 1961 a
213 1922 289 1960 lira
318 1923 486 1961 aberret.
539 1921 640 1961 Lira
667 1922 774 1961 enim
801 1930 861 1961 est
882 1921 1067 1960 arationis
1090 1934 1231 1972 genus,
1260 1933 1352 1958 cum
1375 1917 1560 1970 agricolae
1581 1917 1687 1956 facta

159 2004 333 2036 semente
361 1997 542 2048 dirigunt
568 1997 709 2044 sulcos,
736 1997 779 2035 in
802 2010 902 2048 quos
928 1996 1056 2035 omnis
1080 2009 1193 2047 seges
1218 1994 1436 2034 decurrit.“
1490 1993 1688 2032 Posterior

159 2071 400 2123 etymologia
425 2071 570 2110 rectior
596 2078 665 2109 est.
1152 2057 1155 2059 ,

234 2175 322 2215 819.
391 2164 651 2225 Potionis]
722 2168 760 2210 A
794 2169 1016 2222 draught,·
1052 2168 1163 2209 close.
1225 2170 1393 2222 Aliquid
1429 2170 1528 2222 quod
1557 2168 1686 2212 bibat,-

163 2252 293 2303 Supra
318 2250 406 2290 644.
460 2250 517 2289 H.
534 2265 567 2290 e.
597 2251 931 2290 Medicamentum
957 2250 1131 2302 aliquod.

247 2388 315 2395 —-
386 2355 637 2420 percipit]
703 2360 805 2402 Gets
839 2357 1048 2415 complete
1079 2360 1323 2413 possession
1355 2357 1410 2413 os
1425 2358 1528 2398 him.
1584 2361 1690 2409 Quae

162 2450 223 2482 est
247 2443 308 2481 vis
333 2442 635 2494 praepositionis.
690 2441 851 2481 Penitus
871 2441 990 2494 capit.
1042 2441 1134 2480 Ter.
1155 2441 1262 2480 Eun.
1280 2440 1334 2479 V.
1351 2453 1395 2479 .v.
1413 2445 1451 2479 2.
1504 2443 1531 2461 “
1545 2439 1690 2491 Neque

164 2518 250 2569 agri
267 2531 397 2569 neque
414 2518 526 2557 urbis
543 2517 679 2556 odium
697 2531 760 2556 me
778 2530 955 2568 unquam
968 2516 1169 2569 percipit.’'
1197 2517 1235 2567 (''
1246 2515 1316 2554 ubi
1335 2514 1386 2552 τό
1397 2528 1472 2566 per
1488 2513 1691 2567 αὖξητικδν

165 2598 265 2631 est.“
312 2593 469 2643 Gnou.)
521 2592 627 2631 citat
645 2591 788 2637 Ham,
813 2590 935 2630 Stich.
953 2590 1009 2628 ΙΙ.
1029 2603 1077 2628 11.
1097 2596 1157 2634 17.
1185 2589 1298 2641 [318.
1317 2589 1392 2642 B.]
1431 2588 1689 2627 “Medullam

166 2667 315 2706 ventris
328 2667 499 2719 percepit
516 2668 675 2706 fames.'’
707 2665 826 2705 Adde
843 2679 893 2704 ex
910 2666 1047 2704 laun.
1073 2665 1189 2703 Nost.
1207 2664 1357 2716 Amph.
1374 2664 1464 2711 966.
1494 2669 1522 2687 “
1533 2661 1691 2702 Horror

165 2730 343 2781 memb„
364 2741 529 2794 percipit
554 2741 671 2781 dictis
696 2741 813 2780 tuisf
866 2740 1065 2780 observat
1091 2740 1236 2778 εμπ
1263 2739 1477 2791 agendum
1498 2752 1583 2778 esse
1603 2739 1689 2778 “si

166 2815 227 2854 lae
241 2816 452 2868 perceperit
469 2817 623 2861 aesm⁸‚”
640 2816 682 2854 in
701 2815 816 2866 Virg.
835 2815 920 2854 Ecl.
939 2814 1020 2853 111.
1037 2819 1101 2860 98.
1124 2813 1222 2865 (non
1240 2820 1287 2853 ut
1304 2814 1414 2866 vulg.
1427 2813 1691 2867 preceperit.)
