1864 3152
185 246 272 303 1¹7⁰
729 246 1145 290 GLOSSAmuM

179 382 203 400 “
216 376 394 417 Divitem
410 376 598 416 audacter
622 376 794 416 solemus
818 382 986 416 mactare
1010 377 1261 416 infortunio.”
1320 376 1421 423 Hac
1444 383 1484 415 et
1512 375 1588 415 alia
1612 376 1706 415 cim

178 451 323 491 Giton:
353 452 395 490 in
414 451 523 491 Lect-
544 450 672 490 Plaut.
693 451 762 490 ubi
782 450 911 490 fusius
928 450 979 490 de
997 451 1071 491 hac
1089 463 1185 491 voce
1203 450 1390 503 disputat.

251 563 338 603 491.
404 550 723 616 Quidagis?]
777 555 1185 609 Howdoyoudo?
1237 560 1506 600 Men.62.G.

250 674 340 715 494-
404 662 711 728 Aliquanto.]
764 667 800 707 A
819 667 930 720 good
949 667 1062 717 deal,
1083 667 1391 722 considerably.
1429 672 1555 718 Valet,
1575 672 1707 717 credo,

170 750 262 789 'fere
291 761 447 802 semper
473 749 640 796 multum,
673 748 810 792 valde;
842 756 883 788 et
910 748 1122 789 adhibetur
1154 750 1222 790 ubi
1252 750 1456 790 sententie
1485 751 1565 790 vim
1600 751 1707 791 haud

176 837 318 877 parum
352 837 493 877 augere
528 823 667 864 volunt
698 824 919 877 scriptores.
989 824 1182 877 Exempla
1216 824 1336 865 semel
1371 839 1502 879 operae
1536 827 1709 879 pretium

169 900 251 940 ‘erit
268 901 459 941 conferre.
505 901 592 941 Liv.
615 901 646 940 1.
670 906 728 941 13.
773 906 798 924 “
813 901 951 950 Quum
969 900 1078 941 haud
1096 901 1219 942 dubie
1236 902 1436 955 aliquanto
1453 903 1615 956 major-‚⁹⁹
1632 910 1706 943 etc.

177 974 320 1026 (Muclu
343 979 532 1029 greater.)
590 976 648 1015 Id.
670 975 743 1015 IX.
764 981 799 1020 7.
855 975 1168 1028 “Caudinaeque
1195 976 1303 1028 pacis
1327 974 1526 1029 aliquanto
1555 975 1708 1015 Samni-

176 1050 298 1099 tibus,
327 1065 447 1105 quam
478 1051 679 1098 Romanis,
716 1051 930 1091 tristiorem
960 1051 1188 1091 memoriam
1221 1051 1341 1091 fore.”
1394 1050 1479 1105 (By
1493 1051 1574 1104 far
1600 1064 1709 1091 more

176 1125 363 1179 painful.)
418 1127 498 1167 Cic.
527 1126 636 1166 Fam.
661 1124 736 1164 1x.
762 1125 824 1166 26.
879 1125 996 1165 “Sed
1027 1124 1146 1164 etiam
1178 1125 1281 1164 intra
1307 1125 1450 1178 legem,
1479 1133 1520 1165 et
1546 1125 1707 1179 quidem

176 1200 410 1254 aliquanto.”
465 1200 581 1250 (And
599 1214 623 1239 a
645 1199 751 1252 good
774 1199 862 1239 deal
890 1200 989 1251 too.)
1044 1198 1106 1237 Id.
1135 1198 1306 1237 Prooem.
1336 1198 1425 1238 Lib.
1448 1198 1504 1237 11.
1559 1198 1622 1238 De
1641 1197 1708 1237 In-

177 1282 282 1314 vent.
337 1280 363 1297 “
380 1274 471 1313 Non
488 1281 696 1327 tantopere
713 1274 755 1312 in
774 1272 880 1312 vitiis
897 1280 1221 1325 perseverarent;
1248 1271 1446 1325 aliquanto
1462 1271 1526 1324 [h.
1545 1286 1578 1311 e.
1596 1285 1707 1323 inag-

175 1348 362 1401 nopere‚]
386 1348 515 1388 levius
540 1361 590 1387 ex
615 1347 819 1387 inscientia
847 1347 1106 1386 laborarent.”
1159 1347 1300 1395 Quint.
1332 1346 1428 1385 Inst-
1459 1347 1548 1385 Lib.
1572 1347 1604 1386 1.
1629 1359 1708 1386 ιιι.

176 1423 251 1461 sub
287 1422 372 1461 init.
426 1422 542 1462 Nost.
579 1422 692 1462 Asin.
722 1421 811 1462 568.
867 1420 1113 1475 “Aliquanto
1147 1421 1319 1473 amplius
1356 1420 1539 1467 valerem,
1575 1421 1607 1459 si
1644 1420 1709 1460 hic

176 1497 391 1536 maneres.''
446 1496 536 1547 (All
553 1496 622 1536 the
639 1497 801 1548 better.)
849 1495 944 1535 cist.
962 1501 1051 1542 229.
1107 1501 1132 1518 “
1148 1496 1284 1547 Atque
1306 1493 1503 1547 aliquanto
1520 1494 1709 1534 facilius.”

178 1571 234 1622 (A
264 1570 370 1622 good
404 1570 493 1610 deal
518 1570 684 1623 rather.)
739 1569 860 1623 Epid.
890 1575 977 1614 373.
1034 1571 1207 1621 “Atque
1243 1568 1443 1621 aliquanto
1470 1569 1707 1608 lubentius.”

178 1646 278 1698 (Far
304 1661 414 1687 more
441 1647 671 1700 willingly.)

249 1757 338 1799 495.
403 1743 657 1807 Nitidior]
723 1749 850 1791 More
890 1753 1163 1803 sumptum.
1237 1753 1388 1792 Giton:
1437 1753 1545 1791 Leet.
1582 1751 1710 1791 Plaut-

170 1835 196 1870 f'
208 1834 437 1873 Nitidiorem
453 1846 535 1873 esee
553 1833 760 1885 significat,
779 1831 982 1871 liberalius
999 1831 1120 1884 genio
1136 1830 1359 1883 indulgere,
1377 1843 1534 1870 eoenare
1548 1830 1707 1876 lautius,

177 1917 381 1962 sumptum
400 1910 529 1949 facere
552 1909 594 1947 in
616 1907 790 1947 curanda
813 1914 915 1947 cute.
971 1906 1037 1946 Sic
1062 1906 1208 1946 Pseud.
1228 1912 1317 1951 775.
1370 1913 1395 1937 ‘³
1408 1905 1465 1945 Ut
1486 1918 1602 1946 curer
1619 1905 1709 1943 niti-

177 1984 382 2023 diuscule.”
436 1984 533 2023 Cist.
556 1989 615 2024 10.
671 1988 695 2005 “
715 1983 760 2021 In
786 1982 954 2034 prandio
971 1995 1043 2021 nos
1066 1981 1198 2034 lepide
1215 1989 1336 2034 atque
1354 1980 1472 2020 nitide
1488 1981 1709 2033 acoepisti.''

179 2060 297 2099 Mart.
319 2060 394 2112 Ep.
412 2059 487 2099 IV.
505 2065 566 2099 54.
586 2064 620 2099 8.
675 2065 700 2082 “
717 2059 880 2098 Lautior
904 2065 945 2098 et
963 2058 1083 2097 nitido
1101 2058 1153 2097 sis
1175 2057 1345 2097 Meliore
1363 2057 1518 2096 licet-''“
1572 2056 1712 2095 Addas

181 2135 280 2174 Hor.
309 2134 387 2188 Ep.
422 2135 454 2173 1.
486 2146 542 2173 iv.
578 2140 635 2174 15.
689 2134 796 2173 “Me
828 2134 1019 2187 pinguem
1050 2142 1091 2173 et
1118 2132 1291 2178 nitidum,
1321 2133 1423 2172 bene
1454 2139 1590 2172 curata
1621 2138 1711 2170 cute

180 2211 317 2252 vises.”
357 2211 395 2250 h.
414 2225 447 2251 e.
486 2211 586 2250 bene
623 2210 786 2250 cultum.
845 2209 907 2249 Id.
939 2209 1017 2263 Ep.
1047 2209 1080 2248 1.
1108 2221 1177 2248 xv.
1206 2208 1267 2248 46.
1324 2207 1514 2247 “Naidis
1549 2206 1712 2246 fundata

180 2288 350 2341 pecunia
376 2287 513 2327 viniss·
540 2287 566 2326 i.
585 2301 618 2326 e.
649 2286 879 2340 splendidis,
909 2286 1037 2326 lautis.

254 2390 343 2438 496-
407 2384 506 2434 Pro
528 2384 614 2447 ἴα]
661 2394 924 2434 ”Secundum
943 2401 1089 2434 statum
1107 2406 1153 2433 ac
1171 2392 1477 2432 conditionem.“
1505 2391 1609 2430 Con.
1633 2390 1710 2428 Ms.

181 2472 288 2512 Vide
320 2472 434 2511 Nott.
490 2472 653 2512 Confert
684 2472 828 2513 Giton:
879 2473 976 2512 Hor.
1010 2472 1091 2512 Sat.
1116 2471 1147 2510 1.
1176 2485 1222 2511 n.
1252 2477 1310 2518 19.
1366 2471 1473 2509 “At
1494 2469 1535 2507 in
1565 2482 1606 2507 se
1633 2467 1713 2506 Pro

182 2550 328 2598 questu
364 2551 568 2597 sumptum
604 2545 734 2586 (πῖθ’
787 2546 925 2598 (Lives
960 2559 1013 2598 ap
1042 2551 1079 2583 to
1108 2544 1171 2584 his
1204 2543 1389 2594 income.)
1443 2541 1560 2581 Adde
1598 2541 1713 2579 Nost.

177 2616 269 2656 Mil.
297 2622 386 2663 911.
441 2617 598 2657 “Nune
625 2616 711 2657 hec
736 2618 868 2657 urina
895 2618 989 2657 satis
1012 2631 1087 2670 pro
1114 2630 1156 2655 re
1179 2615 1357 2661 fundata,
1381 2622 1422 2654 et
1443 2615 1545 2654 bene
1569 2621 1714 2653 statuta

180 2693 277 2730 estl’
331 2690 475 2730 Pseud.
506 2695 593 2730 850.
648 2690 837 2731 “Verum
871 2705 944 2744 pro
976 2691 1101 2744 pretio
1135 2691 1311 2738 faciotut
1342 2702 1461 2742 opera
1492 2688 1714 2741 apparent-'⁹

180 2763 253 2815 (in
281 2765 512 2817 proportion
539 2773 581 2805 to
607 2779 676 2818 my
703 2769 813 2819 pay.)
