1864 3152
635 252 703 294 IN
739 252 1178 295 MENAECHMOS.
1576 251 1665 293 213

209 389 299 436 906.
364 381 644 448 ῙΠείςῐΙὶίῑθ.]
709 386 831 429 Such
876 386 1013 444 signal
1056 390 1253 440 outrage.
1329 388 1530 441 Insignite,
1577 402 1668 427 cum

133 472 362 523 ignominia,
394 478 507 510 notat
537 472 749 511 SAucmw.
788 483 881 509 nam
915 469 1080 523 insignis
1105 469 1225 509 etiam
1260 469 1302 507 in
1338 468 1480 507 malam
1514 470 1669 520 partem

137 546 305 598 capitur,
334 553 379 584 ut
406 544 572 597 insignis
599 544 711 583 latro.
736 545 809 583 &a
862 544 928 583 Sic
956 543 1043 582 Mil.
1068 548 1157 583 558.
1210 541 1355 581 “Fieri
1381 549 1463 582 tam
1489 541 1670 594 insignite

137 622 359 673 injuriam.''
411 620 519 659 Rud.
544 626 633 666 999.
687 620 814 658 “Imo
839 619 973 658 hercle
998 618 1183 670 insignite
1207 618 1379 670 inique.”

210 736 300 776 907.
366 723 676 784 subvenibo]
738 731 819 769 Pro
844 730 1077 770 subveniam.
1130 729 1239 770 Vide
1267 732 1398 783 Supra
1423 738 1513 779 295.

210 854 300 893 909.
363 841 515 906 Eripe
537 838 768 900 oculum]
818 845 937 886 Tear
959 845 1029 886 his
1050 857 1124 899 eye
1144 848 1235 885 out.
1282 849 1385 887 Rud.
1403 849 1493 889 664.
1521 851 1672 900 “Quas

138 928 170 965 si
197 928 387 979 attigeris,
415 927 542 966 oculos
566 927 726 980 eripiam
752 926 857 966 tibi.”

210 1045 301 1085 910.
365 1035 558 1099 Pugnos
585 1033 835 1095 obseram.]
890 1038 1028 1080 Plant
1049 1039 1247 1094 myfiste.
1299 1043 1406 1083 Vide
1424 1044 1466 1082 in
1484 1044 1575 1085 658.

210 1162 301 1202 911·
366 1150 504 1200 Malo
533 1151 726 1214 vostra]
786 1155 846 1196 At
866 1169 979 1210 your
998 1156 1124 1209 peril.
1182 1160 1286 1199 Vide
1303 1161 1346 1199 in
1363 1175 1400 1200 v.
1421 1168 1483 1210 57,
1530 1164 1670 1216 Supra.

138 1236 203 1276 Sic
235 1237 346 1276 Asin.
368 1243 458 1284 393.
514 1243 542 1260 “
552 1238 630 1276 Nae
655 1245 702 1277 tu
727 1237 860 1277 hercle
886 1251 977 1276 cum
1004 1251 1142 1289 magno
1167 1238 1266 1277 malo
1291 1239 1390 1278 mihi
1416 1242 1576 1281 obviam
1599 1245 1671 1282 ob-

138 1312 324 1351 cessisti.”
350 1314 421 1351 &c.
474 1312 582 1351 Vide
608 1312 702 1351 AuJ.
721 1317 809 1359 379.
866 1312 996 1351 Gloss.

210 1426 302 1465 9¹2·
367 1417 526 1476 Face]
583 1419 692 1461 Fac.
754 1423 887 1476 Supra
913 1429 1001 1463 840.

222 1558 289 1566 —
362 1526 559 1589 Locus]
622 1537 727 1576 Vide
752 1539 862 1577 Nott.
887 1546 928 1577 et
952 1538 1068 1585 adde,
1094 1539 1172 1578 Ov.
1202 1540 1300 1579 Met.
1326 1541 1446 1579 XIII.
1473 1541 1563 1581 561.
1587 1557 1670 1596 sqq.

139 1619 165 1636 “
181 1614 341 1666 Digitos
375 1615 418 1653 in
452 1615 605 1667 perfida
638 1616 790 1656 lumina
831 1618 998 1664 condit‚.
1013 1619 1287 1670 ..foedataque
1326 1621 1519 1672 sanguine
1554 1624 1671 1668 sonti,

139 1689 230 1728 Non
258 1690 406 1737 lumen,
434 1693 583 1743 (neque
609 1692 716 1731 enim
742 1694 953 1745 superest‚)
978 1694 1059 1732 loca
1085 1694 1237 1732 luminis
1262 1694 1431 1734 haurit.”

208 1808 298 1847 913.
363 1797 641 1860 periimus]
686 1803 907 1846 Marder!
938 1799 1253 1855 ἀπωλόμεσθα.
1289 1810 1382 1849 Aul.
1397 1816 1486 1855 347.
1513 1811 1672 1852 “Occi-

140 1882 250 1921 dor.'’

212 1994 301 2033 914.
366 1982 588 2041 Obsecro,
619 1983 775 2033 hercle
788 1987 822 2046 1]
881 1989 1057 2044 Mercy!
1086 1990 1169 2045 sor
1201 1991 1329 2033 God's
1360 1993 1495 2034 sake!
1557 1997 1669 2036 PAR:

141 2068 236 2107 Les.
263 2069 437 2108 Plautin.
489 2071 714 2109 ’'Formula
740 2084 878 2110 eorum
906 2072 977 2123 qui
1004 2073 1239 2124 vapulantes
1276 2074 1583 2126 depreoenmr.“
1633 2086 1673 2117 et

140 2144 247 2189 citat,
278 2144 390 2183 Asin.
410 2151 498 2191 392.
552 2145 645 2184 Ter.
665 2146 768 2184 Eun.
787 2146 862 2184 IV.
882 2159 939 2184 xv.
958 2152 994 2185 2.
1048 2148 1168 2186 Adde
1194 2149 1289 2187 Aul.
1309 2150 1398 2189 645.

226 2280 293 2287 —
363 2251 493 2306 Quid
527 2269 604 2300 me
634 2253 765 2300 vobis
795 2253 942 2300 tactio
972 2261 1045 2301 est
1057 2254 1103 2315 ?]
1169 2260 1297 2301 What
1333 2261 1532 2302 business
1560 2262 1673 2304 have

139 2346 226 2385 you
249 2337 292 2373 to
315 2334 488 2374 assault
508 2347 574 2374 me
587 2335 607 2375 ,9
670 2340 1008 2391 Frequentissima
1024 2343 1135 2394 apud
1152 2343 1348 2382 Nostrum
1364 2344 1524 2383 locutio.
1569 2346 1673 2386 Vide

143 2415 236 2453 Aul.
254 2421 343 2459 377.
398 2421 426 2438 “
438 2415 544 2459 Quid
558 2415 628 2454 tibi
646 2431 726 2463 nos,
744 2418 926 2458 mendice
942 2418 1074 2466 homo,
1102 2421 1218 2460 tactio
1235 2423 1349 2460 est?''
1376 2429 1417 2461 et
1433 2423 1535 2462 adde
1553 2424 1673 2465 Cure.

142 2489 231 2529 626.
285 2496 312 2513 “
324 2490 429 2534 Quid
445 2490 515 2528 tibi
532 2490 644 2529 istum
667 2491 784 2531 tactio
801 2498 857 2531 est
869 2493 920 2531 θ’·
973 2493 1129 2534 Poenul.
1152 2495 1264 2535 1166.
1319 2502 1343 2519 “
1358 2496 1464 2540 Quid
1484 2498 1584 2537 hanc
1600 2499 1673 2538 tibi

71 2558 78 2573 ³
143 2565 272 2616 digito
288 2566 404 2605 tactio
420 2571 475 2604 est
485 2566 535 2604 .9''
563 2568 634 2605 &c-

216 2681 307 2720 915.
370 2671 513 2719 Peete
551 2668 766 2736 pugnis]
835 2676 975 2718 Dress
1015 2676 1091 2718 ’em
1131 2681 1231 2720 well
1268 2680 1375 2720 with
1411 2694 1523 2734 your
1549 2682 1672 2737 fisis.

142 2754 164 2765 ’'
183 2752 333 2790 Mulcta
363 2766 429 2791 eos
458 2754 647 2804 pugnis.“
694 2754 875 2792 PARBus.
933 2756 1186 2807 Metaphora:
1226 2757 1291 2795 cui
1323 2758 1490 2797 similem
1519 2760 1673 2798 confert

145 2827 395 2871 GRUTERUS,
440 2833 669 2873 exornatum,
707 2836 747 2866 et
783 2829 975 2880 depeoeum,
1013 2830 1121 2880 apud
1158 2830 1248 2869 Ter.
1286 2831 1432 2870 Heaut.
1466 2833 1514 2871 V.
1547 2846 1575 2870 1.
1609 2839 1678 2876 78.-
