1864 3152
655 234 724 275 IN
757 233 1199 276 MENAECHMOS.
1609 232 1696 276 149

165 375 283 413 quam
303 361 447 413 Supra,
475 375 510 399 v.
531 361 593 401 56.
646 361 754 400 Nam
777 361 853 400 hoc
877 361 964 399 loco
987 368 1048 399 est
1064 360 1200 412 potius
1211 358 1402 411 jucunde,
1417 356 1577 409 festive.
1631 358 1700 396 Sic

164 437 275 475 Asin.
296 436 385 476 556.
437 436 630 488 “Edepol
657 449 792 476 senem
819 435 1099 474 Demaenetum
1126 433 1290 486 lepidum
1317 433 1439 471 fuisse
1465 432 1613 470 nobis.’'

235 585 304 592 —
363 553 443 601 Ut
481 549 713 611 fastidis]
772 557 888 597 How
911 556 1159 611 fastidiens
1191 568 1278 607 you
1310 567 1398 594 are.
1455 557 1559 595 Cum
1594 557 1700 595 fastu

163 646 205 677 et
238 639 529 677 abominatione
559 637 727 688 respuis.
780 637 951 675 Mostell.
979 641 1070 682 889.
1122 642 1149 659 “
1163 635 1271 674 Vide
1297 640 1339 672 ut
1351 634 1517 685 fastidit
1540 633 1654 671 simia
1666 634 1700 671 !''

165 715 326 753 Curcul.
352 713 441 753 633.
483 713 589 751 “Ut
603 711 770 763 fastidit
797 712 993 763 gloriosus
1009 713 1042 749 !”

238 829 302 870 93.
366 817 629 878 Erotium]
691 826 758 863 Ab
773 823 862 876 ἔρως
880 825 999 870 dicta,
1020 833 1065 863 ut
1083 839 1173 877 quae
1190 824 1313 863 amori
1330 825 1530 862 inserviat.
1576 825 1702 862 Caete-

165 918 255 943 rum
273 904 540 942 blandiculam
564 902 668 942 hanc
685 903 854 941 formam
875 903 1047 941 nominis
1064 903 1160 941 alibi
1177 902 1349 947 feminis,
1377 909 1418 940 et
1435 901 1600 952 quidem
1617 902 1703 953 ple-

165 994 336 1031 rumque
358 978 647 1024 meretricibus,
669 979 861 1017 tributam
884 979 1123 1017 invenimus.
1177 978 1327 1025 Quales
1351 984 1457 1024 sunt,
1483 978 1703 1023 Eleusium,

164 1055 282 1107 [Aul.
299 1054 415 1106 287]
444 1053 691 1105 Glycerium,
719 1053 960 1100 Planesium,
991 1053 1197 1100 Silenium,
1226 1053 1516 1104 Gymnasium;
1545 1055 1617 1091 &c.

240 1179 304 1220 94·-
367 1165 678 1226 Prandium]
725 1171 918 1213 Dinner.
954 1176 1057 1213 Nam
1073 1175 1158 1214 dies
1171 1183 1256 1214 erat
1269 1175 1500 1213 dimidiatus
1513 1182 1706 1212 mortuus.

169 1256 278 1295 Hinc
300 1263 467 1307 apparet
484 1255 687 1307 prandium
705 1262 747 1293 et
769 1268 912 1292 coenam
929 1254 1039 1306 apud
1057 1254 1226 1293 Veteres
1249 1254 1358 1292 haud
1375 1267 1465 1292 raro
1488 1253 1681 1292 confundi
1693 1268 1708 1299 ς

166 1345 259 1370 nam
294 1338 334 1369 et
367 1330 444 1368 hoc
478 1329 579 1374 loco,
610 1336 651 1368 et
686 1329 818 1368 decies
852 1329 970 1375 infra,
997 1330 1208 1381 prandium
1237 1336 1416 1380 usurpat,
1454 1342 1547 1367 cum
1577 1342 1709 1380 nuper

169 1407 233 1458 [v.
259 1406 348 1458 48.]
374 1405 534 1450 dixerit,
573 1405 662 1443 “ad
692 1419 832 1443 coenam
863 1405 998 1456 aliquo
1034 1404 1239 1443 condicam
1274 1405 1417 1442 foras.”
1469 1404 1572 1443 Erat
1614 1404 1710 1442 olim

164 1481 375 1535 prandium
398 1481 554 1532 primus
573 1480 643 1531 qui
662 1494 770 1518 mane
787 1480 900 1519 cibus
919 1481 1161 1525 sumebatur,
1191 1479 1439 1533 (breakfast)
1458 1494 1481 1518 a
1499 1480 1611 1533 πρᾰν,
1639 1494 1710 1519 seu

171 1559 285 1610 πρῶἱε
325 1555 446 1595 Unde
482 1556 721 1607 Impransus,
752 1555 862 1606 apud
898 1555 1128 1600 Horatium,
1164 1568 1239 1606 pro
1275 1569 1322 1593 eo
1349 1555 1419 1606 qui
1446 1555 1498 1593 ad
1528 1555 1572 1593 id
1602 1555 1711 1593 horae

169 1632 349 1671 nondum
367 1631 477 1670 cibos
494 1629 726 1681 gustaverit.
761 1630 859 1667 Mox
877 1643 973 1668 vero
979 1629 1224 1682 jentaculum
1241 1637 1332 1668 ante
1345 1631 1560 1681 prandium
1580 1631 1711 1683 capie-

169 1709 278 1752 bant,
307 1714 347 1745 et
363 1705 578 1757 prandium
596 1704 639 1741 in
656 1704 973 1755 pomeridianum
991 1712 1151 1757 tempus
1169 1705 1335 1743 dilatum
1355 1713 1426 1744 est.

245 1814 310 1860 96.
374 1807 656 1872 Expedite]
727 1811 918 1865 Plainly.
995 1816 1232 1867 Metaphora
1274 1830 1299 1854 a
1326 1815 1459 1868 factis
1502 1817 1554 1855 ad
1597 1817 1712 1855 verba

171 1897 370 1936 translata.
426 1894 620 1946 Expedire
645 1893 775 1939 alicui,
803 1894 919 1940 valet,
948 1894 1157 1933 certiorem
1182 1895 1326 1934 facere.
1380 1895 1494 1934 Infra
1519 1895 1609 1935 516.

245 2041 313 2050 —
374 2007 693 2069 Fabulatu’s.]
764 2014 805 2054 Y
799 2029 856 2055 ou
896 2016 1006 2056 have
1037 2016 1216 2070 spoken.
1270 2020 1449 2065 Fabam,
1475 2018 1714 2071 plerumque

173 2099 250 2137 hoc
268 2111 386 2136 sensu
406 2097 515 2148 apud
535 2097 728 2134 Nostrum
751 2097 935 2135 occurrit.
984 2098 1096 2136 Infra
1112 2102 1202 2137 238.
1240 2098 1391 2150 Amph.
1409 2104 1473 2138 48.
1527 2099 1715 2137 “Verbis

175 2173 323 2224 quibus
351 2171 489 2210 deceat
504 2170 767 2220 fabularier.”
819 2171 887 2209 Ib.·
911 2177 998 2215 147.
1052 2171 1209 2210 “Clara
1235 2173 1450 2212 advorsum
1464 2173 1714 2226 fabulabor?

249 2295 313 2335 97.
378 2281 717 2343 cantharum]
794 2287 889 2328 The
930 2301 1031 2341 cup.
1099 2293 1213 2332 Infra
1242 2299 1327 2333 105.
1371 2296 1564 2334 Poculum
1599 2309 1714 2334 ansa-

176 2376 276 2418 tum,
301 2383 448 2408 nomen
470 2369 622 2408 habens
643 2382 695 2407 ex
713 2369 972 2408 similitudine
992 2371 1144 2422 navigii
1168 2373 1390 2424 cujusdam,
1416 2381 1462 2412 ut
1488 2375 1671 2426 cymbium
1690 2388 1715 2413 a

178 2446 332 2497 cymba.
386 2443 618 2490 Athenaeus,
652 2444 717 2483 cit.
753 2458 816 2496 ap.
849 2445 1054 2497 Aristoph.
1085 2446 1171 2485 Pax
1203 2454 1288 2487 143.
1340 2448 1470 2486 ”Ka'v
1452 2450 1623 2503 νθαρος.
1651 2450 1713 2487 ὅτι

177 2518 243 2567 μὲν
225 2521 396 2558 νὶνπλοο
419 2536 551 2566 ονομα.
579 2517 640 2556 ὅτι
666 2517 703 2557 δὲ
727 2519 786 2555 κά
813 2518 979 2572 ποτήρι
986 2519 1035 2558 όν
1061 2539 1098 2559 τι
1122 2521 1219 2559 οὕτω
1240 2528 1423 2562 κιαλεται.
1427 2530 1451 2547 “
1498 2526 1629 2563 Notus
1653 2532 1715 2564 est

179 2608 265 2633 mos
282 2594 425 2646 pocula
441 2608 491 2633 ex
508 2595 638 2633 forma
654 2595 936 2646 nuncupandi;
965 2597 1099 2647 qualia
1116 2605 1221 2645 sunt,
1243 2598 1466 2645 Cambesia,
1488 2599 1713 2653 Scapht‘um,

184 2668 347 2715 Gaulus,
370 2666 466 2714 ὄνος,
482 2667 632 2719 [Arist.
650 2668 774 2719 Vesp.
791 2668 906 2721 6283
925 2668 1028 2717 δῖνος,
1047 2672 1118 2709 &c.
1162 2672 1261 2709 Hor.
1280 2672 1360 2712 Od.
1379 2674 1412 2711 1.
1432 2687 1497 2712 xx.
1515 2680 1553 2713 2.
1582 2681 1609 2697 “
1622 2675 1714 2714 Vile

181 2743 338 2795 potabis
365 2742 531 2782 modicis
558 2743 751 2782 Sabinum
774 2743 1023 2782 Cantharis.”
1076 2746 1192 2798 Virg.
1215 2748 1300 2786 Ecl.
1320 2749 1394 2787 VI.
1417 2756 1476 2793 17.
1523 2751 1714 2790 “Attrita

182 2818 382 2870 pendebat
400 2817 611 2856 cantharus
627 2821 759 2858 ansa.'¹
793 2819 941 2857 Noster
961 2820 1071 2858 Asin.
1093 2826 1180 2860 880.
1217 2822 1361 2863 Bacch.
1382 2830 1443 2864 35.
1472 2825 1579 2864 Rud.
1601 2832 1714 2865 1221.
