1832 3158
630 476 1195 574 PRAEFATIQ

249 813 539 863 Pnoommw
571 815 780 865 tandem
811 812 1157 864 Menaechmei
1188 812 1254 861 ad
1283 811 1337 860 id
1362 810 1658 875 exemplum

148 903 446 952 concinnati
480 905 619 969 quod
648 905 699 952 in
731 903 1003 953 Aulularia
1034 919 1170 951 anno
1200 900 1391 950 abhinc
1426 898 1661 965 proximo

146 992 349 1041 edenda
369 993 602 1042 exhibui.
673 994 788 1043 Hoc
818 993 958 1042 enim
982 1000 1093 1041 erat
1116 992 1171 1040 in
1196 992 1329 1040 votis
1358 997 1416 1039 ut
1438 990 1661 1055 priorem

148 1081 303 1148 hujus
348 1082 536 1133 fabulae
586 1083 864 1132 editionem
914 1082 1059 1131 novis
1106 1079 1491 1138 additamentiS,
1543 1096 1660 1145 quae

149 1187 213 1218 ex
252 1171 522 1221 MStorum
560 1188 657 1221 usu
694 1171 1003 1237 acceperim,
1043 1179 1168 1219 ante
1207 1185 1468 1234 augerem,
1502 1185 1662 1233 quam

148 1276 231 1308 me
284 1260 349 1309 ad
404 1261 628 1326 reliquas
677 1261 852 1309 Plauti
904 1259 1109 1308 fabulas
1157 1258 1385 1308 seriatim
1430 1257 1663 1307 edendas

148 1348 489 1412 accingerem.

250 1527 544 1577 Monendus
580 1535 752 1577 autem
789 1528 1045 1594 imprimis
1085 1534 1164 1576 est
1201 1527 1378 1583 lector,
1425 1542 1542 1591 quae
1581 1542 1663 1575 res

148 1614 444 1680 impediunt
494 1633 561 1665 ne
611 1616 715 1665 sint
762 1616 843 1665 hae
893 1616 1009 1666 duae
1059 1615 1267 1673 fabulae,
1320 1613 1461 1680 quod
1507 1614 1662 1664 valde

149 1705 453 1769 optaverim,
488 1706 628 1754 omni
656 1722 721 1755 ex
746 1714 895 1772 parte
918 1705 1168 1771 gemellae.
1237 1704 1486 1770 Respicio
1512 1704 1664 1753 nimi-

148 1810 262 1842 rum
299 1793 550 1844 Codicum
583 1802 635 1845 et
668 1813 939 1846 numerum
972 1804 1025 1846 et
1058 1795 1451 1856 auctoritatemt,
1491 1794 1665 1861 quoad

149 1894 424 1950 utrumque
459 1902 677 1951 quorum
713 1903 899 1935 manca
943 1894 1022 1936 est
1066 1886 1178 1935 haec
1221 1885 1416 1944 fabula,
1462 1884 1507 1934 si
1544 1902 1664 1935 cum

147 1973 420 2024 Aulularia
448 1974 746 2040 diligentius
769 1982 1112 2041 comparetur.
1182 1974 1247 2024 Id
1270 1982 1444 2025 autem
1466 1973 1664 2024 factum

149 2071 229 2112 est
261 2080 366 2113 non
402 2080 468 2113 ex
506 2064 841 2130 negligentia,
878 2064 1071 2114 nedum
1105 2080 1172 2114 ex
1209 2064 1422 2129 ignavia
1456 2071 1662 2124 nostra3

148 2152 406 2217 siquidem
443 2152 694 2202 Codicum
728 2153 961 2203 omnium
996 2153 1375 2212 Plautinorum,
1415 2154 1506 2219 qui
1541 2162 1666 2203 sunt

147 2242 202 2290 in
253 2241 438 2292 Museo
494 2242 802 2293 Britannico
848 2242 1154 2301 conservati,
1208 2259 1313 2292 non
1364 2243 1466 2292 nisi
1510 2260 1660 2301 unus,

148 2331 299 2396 isque
348 2331 490 2381 haud
549 2332 757 2398 optimae
811 2336 1000 2390 notae*,
1056 2331 1288 2381 continet
1336 2349 1427 2382 eas
1485 2332 1663 2382 Plauti

146 2420 353 2470 fabulas
396 2421 450 2470 in
491 2421 683 2487 quibus
722 2420 834 2471 haec
878 2428 1054 2471 nostra
1095 2415 1415 2471 numeratur.
1483 2421 1661 2470 Alium

149 2509 396 2560 Codicem
433 2511 496 2560 ad
539 2511 676 2560 hanc
715 2510 945 2560 fabulam
979 2510 1267 2560 ornandam
1303 2526 1506 2560 summa
1540 2528 1660 2561 cum

147 2614 273 2648 cura
302 2600 486 2657 evolvi,
520 2616 710 2666 nempe
741 2599 944 2649 Butleri
972 2598 1219 2649 Codicem
1244 2599 1471 2657 tertium,
1505 2616 1661 2665 quem

150 2685 203 2733 in
246 2687 488 2738 Reeensu
530 2687 817 2746 MStorum‚
865 2688 1153 2738 Aululariae
1195 2694 1384 2736 nostrae
1424 2687 1658 2755 praefixo‚

491 2813 513 2834 ⁸
540 2813 643 2851 Vide
670 2813 711 2851 in
738 2813 884 2852 calcem
911 2812 1029 2864 hujus
1059 2811 1311 2850 Praefationis.

253 2895 278 2919 α
