1864 3152
746 261 1179 304 MENAECHMEI.
1692 261 1744 302 21

305 389 452 446 Mihi,
498 389 810 447 Menaechme,
855 392 894 439 si
928 391 1079 439 ullum
1115 390 1306 438 verbum
1343 389 1466 446 faxo,
1498 391 1590 439 nisi
1624 391 1749 456 quod

496 474 691 536 jusseris
708 476 717 521 !

175 556 288 604 ΜΕ.
306 556 442 605 Clam
479 574 670 605 uxorem
706 558 788 605 ubi
827 558 1089 622 sepulcrum
1126 556 1366 612 habemus,
1401 555 1527 604 hunc
1562 558 1753 605 combu-

500 658 656 689 ramus
690 640 830 689 diem.

174 722 272 771 PE.
302 723 416 788 Age
461 728 572 773 s‘ane
613 725 778 790 igitur,
821 725 1009 788 quando
1045 741 1224 788 aequom
1266 741 1392 773 oras:
1449 725 1603 781 Quam
1639 742 1750 774 mox

504 808 704 857 incendo
736 825 901 873 rogum
918 810 941 856 ἶ)

1701 820 1751 860 79

307 888 431 938 Dies
452 890 641 954 quidem
654 893 754 954 jam
774 891 835 938 ad
849 890 1124 938 umbilicum
1144 897 1216 938 est
1233 890 1511 939 dimidiatus
1529 898 1751 940 mortuos.

176 968 289 1017 ΜΕ.
305 969 524 1020 Concede
546 971 639 1020 huc
658 989 687 1020 a
704 971 895 1021 foribus.

857 1056 954 1103 PE.
989 1055 1119 1105 Fiat.

998 1139 1108 1188 ΜΕ.
1132 1140 1300 1189 Etiam
1319 1141 1518 1190 concede
1534 1140 1640 1190 huc.
1789 1213 1798 1217 ι

1468 1223 1567 1272 ΡΕ.
1593 1223 1750 1273 Licet.

174 1303 289 1353 ΜΕ.
303 1305 469 1354 Etiam
503 1324 631 1356 nunc
663 1309 862 1357 concede
894 1308 1117 1356 audacter
1151 1309 1210 1356 ab
1243 1308 1432 1357 leonino
1466 1325 1590 1357 cavo.

173 1387 274 1435 ΡΕ.
306 1388 426 1437 Heu
448 1390 612 1455 edepol
631 1408 703 1439 nae
724 1399 795 1448 tu,
819 1399 876 1439 ut
895 1409 982 1455 ego
999 1392 1178 1455 opinor,
1201 1409 1321 1440 esses
1338 1393 1544 1456 agitator
1564 1393 1751 1457 probus.

235 1509 316 1538 v.78.
348 1509 528 1540 Βρεμι-τοτε.
561 1510 1272 1542 mmB.1‚etB.e,habemue.-atquehuncoomb.
1306 1512 1341 1537 In
1359 1513 1589 1544 voaxpulcmn
1606 1512 1750 1545 proglooe.

174 1552 204 1576 in
219 1558 302 1583 marg.
320 1552 402 1577 hahet
420 1553 451 1577 B.
463 1561 490 1583 e,

174 1594 348 1620 nor-amam
377 1594 479 1619 ΗΔιι.

227 1676 289 1715 78.
349 1672 423 1710 Ubi
439 1672 665 1724 sepulcrum,
680 1671 779 1723 etc]
833 1671 930 1709 Sen-

177 1747 244 1772 sus
261 1741 334 1780 est,
354 1734 491 1787 (quem
505 1749 554 1774 ex
562 1735 736 1774 tenebris
753 1734 931 1773 evocavit

175 1797 364 1849 Boram)
378 1799 511 1838 Jubeo
522 1798 735 1850 prandium
749 1797 931 1850 apparari

176 1861 276 1900 clam
293 1875 470 1908 uxorem,
489 1862 532 1900 in
549 1876 597 1901 eo
609 1862 696 1901 loco
713 1861 784 1901 ubi
799 1861 930 1913 sepul-

175 1937 287 1963 crum
304 1924 509 1964 habemus.
561 1926 616 1964 H.
629 1939 662 1964 e.
677 1925 748 1964 ubi
766 1925 932 1977 sepelire

176 1988 304 2039 epulis
334 1995 374 2027 et
404 1989 498 2027 vino
529 1986 697 2027 solemus
727 1988 811 2027 dies
841 2002 932 2027 nos-

176 2057 258 2089 tros
269 2065 282 2096 ;
308 2064 452 2102 nempe
472 2051 580 2103 apud
598 2051 784 2090 Erotium
805 2065 931 2090 mere-

176 2114 336 2153 tricem:
372 2114 423 2153 de
458 2115 523 2154 die
550 2115 657 2154 enim
692 2115 933 2166 sepeliendo,

178 2178 290 2229 quasi
346 2186 518 2224 mortuo,
568 2179 758 2230 loquitur.
827 2179 933 2218 Vide

178 2240 291 2279 Infra
315 2247 406 2287 394.

231 2321 292 2362 79.
346 2315 515 2354 Incendo
528 2308 709 2367 rogum]
729 2314 793 2353 Ex
807 2322 934 2353 morte

178 2378 258 2417 diei
296 2386 454 2430 tempus
494 2378 675 2418 coenandi
714 2378 910 2417 intellexit
920 2393 932 2424 3

178 2441 345 2493 proinde
359 2441 472 2493 quasi
486 2455 598 2481 coena
616 2442 667 2480 sit
681 2442 760 2480 diei
779 2442 934 2494 sepulc-

179 2517 282 2542 rum.
336 2504 536 2543 Tununn.
588 2504 696 2543 Vide
728 2504 857 2543 Gloss.
892 2504 934 2542 in

182 2580 283 2606 vers.
291 2567 461 2620 praeced.
489 2568 544 2606 Et
556 2576 678 2614 verte,
694 2573 707 2590 ‘
720 2568 826 2606 How
840 2580 935 2605 soon

183 2637 278 2668 must
310 2632 330 2670 1
361 2632 432 2671 fire
462 2631 530 2670 the
560 2632 682 2683 pile?'
747 2631 812 2670 De
842 2643 935 2670 con-

185 2694 410 2742 structione,
420 2694 580 2734 consule
591 2694 703 2733 Infra
711 2700 727 2733 l
734 2699 795 2734 48.
808 2693 935 2733 Gloss.

188 2755 336 2795 Eadem
354 2764 414 2796 est
431 2758 474 2795 111
491 2757 637 2796 Pseud.
660 2763 676 2796 1
687 2757 771 2797 164.

302 2830 324 2845 ⁸·
338 2829 434 2864 Quam
449 2840 511 2860 mox
524 2830 566 2861 mi
579 2840 704 2869 operam
718 2829 816 2860 das?''

510 1553 809 1579 “latibulum'’-m
826 1553 900 1583 Dies,
917 1552 1062 1585 monosyn.
1090 1553 1167 1579 Infra
1181 1554 1235 1580 w.
1268 1554 1362 1580 ”eim
1379 1554 1448 1580 Gen.
1466 1555 1520 1580 111.
1536 1556 1574 1579 14.
1590 1555 1755 1582 ἀίπιόἀίαᾱυ

1049 1677 1111 1711 80.
1164 1672 1227 1711 Ad
1239 1673 1488 1726 umbilicum]
1542 1678 1555 1695 ‘
1569 1674 1656 1713 The
1674 1675 1752 1727 day

995 1735 1030 1773 is
1047 1735 1137 1773 half
1148 1743 1265 1788 spent
1276 1736 1461 1789 already?
1498 1736 1565 1776 Ad
1582 1738 1752 1777 mediam
1798 1766 1802 1768 -

995 1805 1170 1849 partem:
1220 1799 1446 1839 Umbilicus
1489 1800 1597 1838 enim
1639 1800 1754 1852 quasi

995 1861 1127 1900 media
1155 1875 1248 1914 pars
1277 1863 1456 1902 animalis
1486 1870 1556 1902 est.
1614 1864 1752 1902 Lunx.

997 1925 1164 1964 Intell.
1146 1939 1231 1978 jam
1254 1925 1571 1978 pomeridianum
1594 1934 1754 1979 tempus

997 1989 1221 2028 advenisse:
1259 1997 1319 2029 est
1335 1991 1443 2029 enim
1460 1990 1637 2030 meridies
1653 1991 1755 2029 nihil

997 2052 1107 2091 aliud
1133 2065 1253 2104 quam
1279 2053 1469 2100 medidies,
1501 2053 1611 2105 [Cic.
1640 2054 1752 2093 Orat.

998 2116 1087 2168 47.]
1114 2115 1141 2154 i.
1159 2129 1193 2154 e.
1221 2115 1378 2162 medius,
1409 2130 1480 2156 seu
1510 2116 1754 2162 dimidiatus,

997 2177 1090 2217 dies.
1146 2178 1239 2216 Vid.
1258 2179 1386 2218 Gloss-

1050 2305 1103 2313 —
1155 2282 1370 2334 Mortuum]
1422 2282 1531 2322 Citat
1555 2283 1757 2321 TUBNBB.

1000 2345 1099 2385 Stat.
1119 2345 1215 2384 Silv.
1233 2345 1325 2384 Lib.
1344 2344 1420 2384 IV.

1020 2420 1122 2451 “Jam
1132 2421 1276 2450 moriente
1288 2420 1338 2451 die
1347 2418 1453 2458 rapuit
1463 2429 1513 2450 me
1527 2428 1621 2450 coena
1630 2417 1756 2457 benigni

1078 2468 1259 2501 Vindicis-'’

1054 2567 1117 2602 82.
1171 2561 1341 2601 Leonino
1357 2561 1488 2612 cava]
1516 2566 1528 2582 ‘
1543 2560 1664 2599 From
1676 2559 1758 2598 this

1003 2626 1138 2664 Lion's
1156 2625 1261 2664 den.'
1314 2625 1352 2662 A
1371 2623 1559 2675 spelunca
1574 2622 1754 2667 leonina3

1001 2690 1041 2728 h.
1060 2704 1093 2729 e.
1122 2690 1242 2728 domo
1268 2701 1367 2734 mea,
1396 2686 1467 2725 ubi
1493 2693 1756 2726 commoratur

1006 2767 1115 2799 uxor,
1137 2767 1225 2805 quae
1253 2759 1313 2791 est
1338 2750 1436 2789 mihi
1462 2750 1584 2789 instas
1610 2749 1756 2788 leaenae.

1006 2817 1141 2854 Lus.
