1864 3152
618 269 683 311 IN
720 269 1180 311 AULULARIAM.
1313 329 1318 333 .
1566 267 1653 312 163

201 412 288 446 455.
354 400 633 461 Muliones]
703 404 955 445 Muleteers.
1018 406 1122 445 Vide
1152 407 1261 444 Nott.
1290 405 1341 444 ad
1366 419 1402 444 v.
1422 410 1509 452 449.
1563 407 1656 446 Juv.

128 489 207 527 Sat.
230 488 306 527 ΙΙΙ.
336 493 424 531 317.
478 487 720 525 “Commota
745 484 986 538 jamdudum
1013 484 1128 523 mulio
1159 485 1273 536 virga
1303 484 1493 523 Adnuit.”

210 620 277 627 —
353 590 702 654 pedissequos]
772 592 992 634 Footmen.
1057 597 1139 645 Qui
1164 596 1282 649 pedes
1316 610 1437 643 meos,
1474 596 1512 635 h.
1531 610 1564 636 e.
1592 609 1656 636 me

126 676 230 714 foras
257 683 430 721 euntem,
459 681 685 727 sequantur.
741 673 995 714 Femininum
1017 675 1259 728 pedissequa,
1290 676 1400 714 Infra
1426 675 1513 720 764.

200 779 287 818 456.
353 768 593 830 Vehicla]
659 778 738 816 Pro
763 776 966 819 vehicula;
1010 784 1056 816 ut
1087 778 1287 823 Periclum,
1323 791 1398 829 pro
1432 775 1655 829 periculum.

127 867 200 898 etc.
256 859 385 909 Supra
406 862 490 896 125.

209 988 276 995 --
351 953 483 1016 Qui]
551 962 630 999 Pro
661 960 807 1013 quibus.
863 959 965 998 Vide
986 959 1115 1011 Supra
1136 965 1224 1005 294.
1278 959 1399 997 Nunc
1425 964 1557 997 autem
1581 970 1655 996 nu-

126 1062 280 1087 merum
315 1048 510 1099 pluralem
538 1046 713 1098 respicit.
771 1044 838 1083 Sic
863 1043 987 1082 Stich.
1016 1043 1105 1090 269.
1134 1044 1218 1093 (cit.
1239 1043 1347 1096 apud
1375 1043 1508 1094 Nott.)
1563 1043 1654 1082 Ter.

127 1125 253 1163 Andr.
284 1124 362 1162 111.
392 1137 435 1162 11.
474 1129 535 1162 32.
615 1121 784 1160 “Multa
819 1127 1062 1160 concurrunt
1102 1119 1232 1165 simul,
1276 1118 1353 1161 Qui
1389 1119 1656 1170 conjecturam

126 1201 227 1239 hanc
258 1213 365 1238 nunc
397 1199 533 1238 facio?
580 1198 625 1248 (i.
644 1211 678 1236 e.
705 1210 750 1235 ex
777 1195 943 1248 quibus.)

201 1317 289 1356 462.
355 1310 536 1368 Fullo]
607 1313 651 1355 F
649 1314 774 1355 aller.
843 1318 865 1331 ''
881 1315 1229 1368 Purgationibus.“
1255 1315 1359 1353 Com.
1381 1315 1458 1353 Ms.
1487 1312 1659 1365 Γναφεύς.

128 1399 209 1446 Qui
232 1405 360 1436 vestes
386 1396 569 1435 sordibus
598 1402 756 1447 purgat.
802 1395 930 1433 Gloss.
976 1393 1073 1432 cod.
1104 1393 1157 1431 H.
1177 1391 1212 1432 6.
1266 1394 1287 1407 '¹
1303 1392 1495 1438 Fullones,
1524 1392 1658 1432 lavan-

127 1473 238 1514 darii.
294 1472 447 1524 Papias.
502 1471 541 1509 A
571 1470 685 1523 φύρω,
715 1470 883 1516 misceo;
922 1477 962 1509 et
997 1469 1164 1508 maxime
1196 1482 1286 1508 cum
1315 1469 1443 1508 farina
1469 1470 1657 1509 miscetur

127 1553 270 1599 aqua.“

210 1668 278 1676 ..-
353 1630 605 1699 Phrygia]
674 1637 988 1678 Embroiderer.
1059 1639 1165 1678 Vide
1194 1640 1301 1679 Men.
1330 1645 1417 1680 332.
1437 1640 1485 1678 G.

211 1785 277 1792 —
353 1753 607 1815 Aurifex]
672 1756 923 1799 Goldsmith.
990 1759 1117 1798 Faber
1151 1759 1340 1798 aurarius.
1396 1760 1503 1798 Men.
1523 1758 1610 1798 426.

212 1896 279 1903 -—
356 1864 630 1921 Lanarius]
718 1867 904 1907 Woouen
946 1866 1293 1921 manufacta-rer.
1357 1869 1577 1922 Ἐριουργός.

203 1979 291 2018 463.
356 1970 646 2037 Caupones.]
724 1982 832 2021 Vide
861 1983 912 2024 in.
930 1982 1043 2022 Nott.

210 2106 278 2113 —-
353 2074 656 2139 Patagiarii]
726 2085 833 2124 citat
860 2086 958 2125 cod.
986 2087 1039 2125 H.
1068 2087 1104 2127 6.
1142 2088 1182 2125 in
1213 2100 1336 2138 marg.
1368 2087 1498 2139 Papiae
1527 2087 1655 2126 Gloss.

131 2163 151 2176 ’¹
168 2159 390 2212 Patagium,
432 2160 599 2211 pallium
638 2175 687 2200 ex
722 2177 819 2202 auro
856 2178 1116 2216 purpuraque
1152 2164 1387 2203 variatum«
1450 2165 1506 2203 At
1542 2165 1654 2204 Fest:

130 2238 151 2250 '³
168 2234 377 2286 Patagium
415 2242 486 2279 est,
529 2236 636 2286 quod
672 2237 722 2275 ad
763 2252 957 2277 summam
992 2240 1168 2278 tunicam
1210 2240 1314 2278 assui
1346 2239 1456 2286 solet,
1493 2253 1582 2290 quae
1618 2246 1658 2278 et

126 2308 332 2361 palagiata
379 2308 549 2354 dicitur‚·
594 2316 635 2348 et
673 2310 895 2363 patagiarii
942 2313 1010 2364 qui
1059 2313 1253 2365 ejusmodi
1302 2325 1422 2365 opera
1469 2312 1658 2351 faciunt.“

133 2383 287 2420 Nonius
323 2381 419 2434 Cap.
453 2382 568 2421 XIV.
608 2390 666 2430 19.
730 2387 986 2438 '’Patagium,
1021 2402 1163 2428 aureus
1197 2389 1343 2434 clavus,
1381 2388 1450 2440 qui
1479 2388 1660 2440 pretiosis

134 2458 307 2497 vestibus
332 2458 491 2496 immitti
517 2459 655 2498 solet.“
708 2461 765 2510 (A
794 2461 899 2508 hem,
928 2477 972 2501 or
996 2464 1139 2502 border
1162 2463 1344 2503 attached
1370 2470 1412 2502 to
1437 2463 1505 2502 the
1531 2477 1658 2516 upper

131 2539 221 2583 part
250 2532 298 2570 of
326 2546 350 2570 a
386 2534 571 2571 woman's
608 2533 750 2585 dress.)
820 2535 901 2573 Alii
932 2536 974 2574 in
1007 2537 1080 2576 loc.
1122 2551 1170 2575 ex
1203 2536 1337 2574 Nonio
1376 2537 1480 2575 citat.
1518 2537 1659 2588 legunt

132 2619 250 2644 aurea
281 2605 437 2659 clamys,
483 2614 523 2645 et
559 2607 615 2646 sic
658 2609 787 2647 Gloss.
837 2610 935 2648 cod.
982 2611 1034 2649 H.
1055 2610 1080 2650 6
1094 2626 1106 2658 ς
1157 2611 1226 2650 sed
1262 2625 1482 2663 perperam.
1536 2611 1656 2663 Epid.

132 2686 220 2720 224.
277 2680 573 2727 “Indusiatam‚
609 2682 1194 2734 patagialam,...(tunicam.)”
1251 2685 1363 2723 PAR:
1395 2686 1490 2725 Lex.
1527 2685 1656 2725 Plaut.

134 2754 288 2800 ”Quod
316 2754 488 2792 honestis
521 2756 707 2794 matronis
737 2757 962 2809 palag1’um;
994 2758 1036 2796 id
1064 2759 1156 2796 viris
1188 2759 1318 2797 clavus
1347 2767 1439 2798 erat.
1497 2760 1554 2798 Ita
1574 2760 1656 2800 dic-
