1864 3152
559 583 1169 644 PROLOGUS.

612 937 724 974 LAR
770 933 1121 974 FAMILIARIS.

280 1066 366 1115 NE
404 1068 507 1131 quis
542 1067 738 1114 miretur
772 1067 854 1130 qui
889 1067 992 1121 sim,
1026 1065 1187 1128 paucis
1222 1063 1424 1126 eloquar.

217 1151 325 1216 Ego
364 1153 456 1199 Lar
492 1167 594 1198 sum
629 1149 873 1198 familiaris
908 1167 966 1198 ex
1001 1148 1088 1196 hac
1122 1146 1318 1200 familia,

219 1236 368 1284 Unde
400 1241 652 1283 exeuntem
686 1251 761 1281 me
793 1233 1055 1299 aspexistis.

1127 1231 1273 1278 Hanc
1307 1229 1497 1277 domum

211 1318 323 1365 Jam
357 1318 531 1365 multos
567 1333 711 1365 annos
744 1323 815 1363 est
850 1332 990 1379 quom
1026 1314 1254 1379 possideo,
1288 1320 1336 1362 et
1371 1311 1485 1367 colo,

212 1401 350 1448 Patri
387 1417 563 1464 avoque
588 1402 688 1463 jam
723 1398 881 1463 hujus,
914 1400 995 1463 qui
1027 1415 1155 1446 nunc
1189 1397 1268 1444 hic
1302 1395 1460 1444 habet.
1637 1404 1658 1437 5

213 1485 307 1533 Sed
341 1487 406 1532 mi
443 1502 550 1532 avos
583 1484 726 1548 hujus
762 1486 1004 1532 obsecrans
1040 1481 1331 1532 concredidit

214 1568 342 1615 Auri
378 1567 650 1616 thesaurum
686 1567 805 1616 clam
841 1583 1030 1623 omnes;
1069 1569 1119 1614 in
1155 1565 1311 1613 medio
1347 1563 1447 1611 foco

216 1651 436 1707 Defodit‚
468 1668 693 1699 venerans
727 1668 817 1707 me,
853 1659 908 1699 ut
940 1651 991 1698 id
1023 1667 1252 1699 servarem
1289 1649 1392 1696 sibi.

147 1795 169 1811 v.
191 1789 211 1811 1.
247 1788 299 1818 Qui
315 1794 383 1816 sum,
404 1787 437 1811 H.
451 1788 473 1812 4.
485 1788 508 1811 5.
531 1787 562 1811 R.
574 1788 684 1811 2———3-
705 1790 851 1817 exeuntem,
874 1787 911 1812 ita
927 1791 979 1812 tres
995 1788 1076 1812 codd.
1096 1787 1165 1812 inter
1180 1794 1247 1818 quos
1263 1785 1456 1811 vetustissimus
1474 1784 1504 1808 R.
1520 1785 1539 1808 l.
1566 1782 1665 1814 reliqui

87 1833 157 1859 octo,
175 1831 199 1854 ec
217 1830 416 1853 euntem—5.
437 1828 522 1858 Patri,
553 1828 590 1853 ita
608 1828 678 1853 Mss-
698 1828 794 1854 ultima
810 1828 886 1854 litera
902 1835 957 1854 non
973 1829 1033 1853 elid.
1068 1829 1124 1853 Bo:
1143 1827 1364 1858 Patrique.--6.
1383 1826 1421 1851 mi
1440 1832 1513 1855 avos,
1530 1825 1569 1850 ita
1591 1825 1662 1849 Mes.

86 1870 131 1899 mi,
149 1877 204 1895 non
221 1870 369 1895 elid.—8.
387 1877 434 1899 me,
453 1876 508 1894 non
525 1869 585 1894 elid.

136 1985 170 2016 2.
227 1978 311 2015 Lar
315 1976 577 2029 familiaris]
632 1978 742 2016 Deus
774 1978 841 2015 ad-

84 2042 255 2086 hibetur,
276 2041 370 2092 quia
396 2055 485 2092 quae
512 2041 576 2079 hic
603 2056 625 2079 a
655 2041 757 2079 Lare
783 2041 842 2078 di-

85 2112 241 2149 cuntur,
268 2118 347 2141 non
378 2105 453 2142 nisi
481 2119 504 2142 a
533 2105 619 2143 Deo
653 2105 742 2143 sciri
774 2119 843 2156 po-

85 2172 224 2203 terant.
270 2166 391 2213 Quod
410 2179 500 2204 cum
519 2166 674 2211 accidit,
686 2174 845 2204 auctore

87 2230 311 2277 Aristotele,
330 2230 424 2268 licet
443 2231 586 2275 Deum,
616 2231 784 2269 maxime
803 2231 844 2268 in

86 2295 290 2345 tragoedia,
323 2294 522 2340 adhibere,
552 2295 619 2333 sed
644 2295 844 2333 interdum

87 2358 203 2396 etiam
249 2358 289 2395 in
335 2358 548 2396 Comoedia.
620 2358 719 2396 Hor.
768 2359 844 2396 Ars

90 2421 197 2459 Poet.
228 2427 312 2467 191.

107 2492 128 2508 ‘⁶
145 2492 213 2522 Nec
243 2492 330 2523 Deus
357 2493 474 2524 intersit
500 2493 556 2524 nisi
584 2493 694 2531 dignus
720 2492 843 2524 vindice

185 2541 284 2571 nodus

151 2589 334 2621 Inciderit.”
378 2591 487 2621 an.

90 2656 156 2694 Sic
187 2657 227 2693 in
249 2656 395 2695 Cistell.
426 2671 461 2693 v.
485 2663 570 2702 149,
599 2658 843 2703 Auxmum,

91 2719 127 2756 h.
149 2733 182 2756 e.
236 2719 357 2765 Deus,
378 2720 590 2768 inducitur,
613 2721 681 2771 qui
702 2721 846 2759 fabulae

89 2783 281 2822 laboranti
301 2792 511 2823 succurrat.

226 2852 249 2878 *
268 2860 282 2892 l

963 1985 997 2017 4.
1054 1978 1199 2017 Multos
1217 1991 1338 2017 annos
1356 1984 1411 2016 est
1430 1991 1549 2030 quom,
1569 1978 1667 2029 etc.]

912 2043 977 2081 ‘It
1011 2043 1044 2080 is
1074 2056 1191 2093 many
1228 2055 1341 2093 years
1378 2042 1484 2080 since
1517 2042 1536 2078 I
1567 2041 1668 2078 have

911 2107 1011 2143 been
1067 2105 1316 2155 occupying.’
1390 2105 1508 2142 Recte
1560 2110 1670 2141 notat

911 2169 1055 2206 LAMB:
1095 2169 1259 2206 mixtam
1294 2182 1378 2206 esse
1411 2168 1667 2206 constructio-

911 2245 1002 2270 nem
1030 2245 1077 2270 ex
1104 2231 1225 2269 Multi
1249 2230 1343 2268 armi
1371 2237 1458 2269 sunt
1487 2245 1661 2282 quom...

911 2303 962 2341 et,
993 2295 1139 2333 Multos
1167 2309 1286 2333 annos
1315 2295 1495 2346 possideo.
1552 2294 1667 2332 Simi-

911 2359 986 2397 lem
1007 2358 1336 2397 constructionem
1362 2358 1455 2396 citat
1475 2358 1665 2394 Gonu:

911 2436 956 2460 ex
978 2423 1088 2461 Nost.
1108 2422 1216 2459 Pers.
1240 2427 1324 2464 137.

923 2510 943 2523 “
957 2508 1045 2539 Sicut
1058 2507 1125 2538 istic
1139 2507 1211 2538 leno
1232 2517 1278 2537 sex
1291 2506 1353 2537 huc
1369 2516 1474 2535 menses
1488 2505 1668 2543 Megaribus

961 2559 1108 2589 Nondum
1124 2563 1164 2587 est
1176 2568 1263 2596 quom
1277 2554 1513 2594 conmigravit.’'

964 2661 998 2694 5.
1054 2653 1168 2692 Patri
1195 2653 1374 2704 avoque]
1430 2652 1459 2688 1.
1479 2665 1511 2690 e.
1553 2652 1669 2690 Hanc

913 2719 1075 2756 domum
1091 2718 1176 2756 colo
1187 2730 1260 2768 pro
1273 2723 1383 2767 patre
1398 2722 1437 2752 et
1450 2728 1524 2752 avo
1534 2715 1667 2766 hujus,

914 2796 1055 2834 nempe
1079 2782 1118 2818 in
1136 2780 1277 2818 horum
1298 2792 1423 2817 usum.
1483 2779 1616 2817 LAMB.
