1864 3152
644 260 709 301 IN
747 260 1199 302 AULULARIAM.
1589 262 1670 304 181

239 403 327 443 590.
390 391 581 456 Ecquid
605 393 705 456 agis
719 391 770 454 ?]
833 399 1032 443 Formula,
1069 397 1123 437 do
1143 409 1229 449 you
1251 396 1373 437 mind
1392 397 1509 438 what
1531 398 1560 438 Ι
1578 399 1687 452 say?

166 476 356 515 Similiter
383 475 450 514 hoc
475 475 576 528 agis,
604 476 673 514 hoc
699 489 772 527 age
783 490 800 518 ;
832 483 905 514 etc.
961 476 1211 515 Contrarium
1238 484 1298 515 est
1324 476 1433 516 aliud
1460 478 1558 529 agis,
1586 478 1689 517 alias

167 565 229 589 res
253 550 353 603 agis,
380 551 487 601 (You
515 564 581 589 are
607 558 678 589 not
702 550 939 602 attending.)

239 670 326 710 591.
389 657 561 719 Pone.]
618 662 742 715 Drap
763 663 811 702 it.
863 665 1042 716 Depone.
1095 664 1202 703 citat
1232 665 1379 703 Luna:
1427 665 1526 704 Hor.
1549 665 1626 718 Ep.
1655 667 1687 705 1.

168 758 253 784 ιη.
273 751 334 785 35.
387 744 542 790 “Por-e,
568 757 702 783 meum
730 751 802 791 est,
830 744 974 795 inquit.
1003 743 1120 788 Pone,
1149 742 1354 794 tristisque
1380 743 1557 782 reoedo.”
1610 745 1691 784 Sed

168 833 259 859 cum
293 820 411 870 longe
444 817 554 856 aliud
589 817 782 869 significet
811 817 887 856 hoc
914 817 1093 861 verbum,
1125 830 1173 854 eo
1207 829 1324 855 sensu
1355 830 1526 868 nequam
1553 831 1690 858 servus

169 893 327 932 ridiculi
354 906 471 932 causa
495 892 650 944 accipit.

249 1032 320 1040 —
395 1001 621 1063 Datare]
687 1011 746 1048 Eo
769 1023 886 1049 sensu
910 1023 990 1061 quo
1013 1009 1209 1047 “datatim
1231 1010 1382 1049 ludere”
1405 1011 1448 1049 in
1466 1013 1582 1051 Cure.
1602 1017 1692 1053 300.

172 1091 240 1129 ubi
266 1090 419 1128 datores
449 1096 489 1128 et
501 1087 680 1140 factores
705 1095 799 1126 sunt
829 1087 899 1139 qui
929 1087 1113 1126 “faciant
1141 1087 1322 1126 vicibus''
1349 1095 1395 1126 ut
1414 1089 1470 1127 ait
1490 1090 1585 1128 Juv.
1613 1090 1693 1129 Sat.

171 1162 267 1200 vn.
296 1167 383 1201 240.
420 1161 446 1199 i.
466 1175 499 1199 e.
526 1168 645 1212 agant
670 1174 718 1199 ac
744 1161 956 1212 patiantur.
1013 1160 1123 1199 Idem
1151 1168 1211 1199 est
1236 1161 1278 1198 in
1310 1161 1399 1200 Cas.
1425 1167 1515 1201 253.
1571 1162 1692 1211 “Qui

172 1236 314 1275 didicit
338 1235 470 1273 dare.''

244 1357 333 1398 592.
391 1344 662 1404 Cavillam]
711 1348 956 1401 Quibbling.
999 1354 1260 1405 Captationes.
1294 1353 1492 1402 ’'Cavffla,
1510 1355 1696 1395 derisio.“

174 1435 302 1473 Gloss.
330 1433 428 1471 Cod.
461 1432 516 1470 H.
535 1438 571 1471 2.
624 1433 737 1471 Fest:
766 1431 1057 1479 ”Incavillatim
1087 1447 1160 1484 per
1190 1433 1421 1485 despectum
1455 1435 1624 1474 irrisio.“
1651 1437 1696 1475 in

173 1521 293 1560 quem
319 1507 431 1545 DAc:
464 1505 682 1552 Cavillatio,
709 1493 924 1562 ffuetratio,
947 1520 1019 1558 per
1042 1507 1223 1545 fraudem
1243 1507 1384 1546 irrisio.
1437 1508 1695 1557 Glossarium,

177 1579 395 1624 Cavillatio,
417 1577 554 1631 ἐνέδρα,
573 1578 727 1623 ἀπάτης
755 1579 781 1616 i.
799 1593 833 1617 e.
860 1579 1025 1626 insidiae,
1046 1581 1165 1618 fraus.
1220 1581 1385 1633 Papiam
1402 1582 1497 1621 citat
1513 1583 1555 1622 in
1571 1597 1697 1635 marg.

174 1655 270 1693 cod.
301 1654 354 1692 H.
373 1653 409 1692 6.
464 1655 486 1666 ”
500 1652 665 1699 cavilla,
692 1653 898 1692 cavillatio.
955 1653 1171 1700 cavillatio,
1202 1656 1408 1702 calumnia,
1431 1658 1547 1709 jocus
1575 1659 1694 1697 urba-

174 1743 259 1768 nus.
315 1727 540 1774 Cavillator,
567 1728 733 1773 mordet,
762 1727 927 1767 deridet.
984 1728 1181 1775 Cavillam,
1205 1731 1321 1782 jocus
1347 1745 1439 1770 cum
1465 1733 1683 1772 convicio.“

250 1859 339 1906 596.
401 1853 615 1915 Larfiae]
650 1859 823 1900 Larvoe.
867 1863 976 1902 Hinc
995 1864 1266 1903 “Laria'atusl'
1302 1866 1414 1904 Men.
1432 1871 1520 1912 789.
1548 1867 1694 1907 Giton:

178 1944 286 1982 Lect.
316 1942 445 1980 Plaut.
498 1942 677 1980 ''Larvis
703 1948 818 1995 atque
845 1943 1065 1996 intemperie
1091 1943 1251 1996 agitari,
1289 1945 1484 1995 significat
1512 1945 1694 1991 insanire,

177 2026 310 2058 mente
326 2026 479 2057 motum
496 2031 581 2057 esse
598 2031 671 2069 per
690 2031 898 2057 occursum
914 2019 1125 2065 larvarum,
1146 2019 1189 2057 id
1205 2027 1266 2058 est
1282 2027 1540 2071 specttorum.
1583 2022 1697 2074 Capt.

179 2098 266 2132 525.
319 2098 343 2114 ‘⁸
358 2091 503 2130 Lar-iioe
538 2091 740 2129 stimulant
768 2092 933 2130 virum.’'
988 2092 1109 2132 Ovid.
1141 2094 1203 2133 Ib.
1257 2094 1507 2133 “Factorum
1542 2097 1698 2136 veniam

178 2179 328 2205 memor
350 2166 492 2204 umbra
506 2172 680 2211 tuorum,
707 2165 900 2217 Insequar
922 2174 963 2205 et
979 2166 1114 2205 vultus
1136 2181 1245 2207 ossea
1268 2168 1379 2206 larva
1398 2171 1523 2207 tuos.'’
1575 2171 1698 2222 Apul.

179 2241 350 2292 Apolog.
403 2238 665 2277 “Mercurius
694 2238 767 2276 tibi
798 2252 871 2290 pro
900 2239 976 2278 isto
1002 2241 1220 2286 mendacio,
1246 2242 1438 2293 quicquid
1464 2244 1694 2283 umbrarum

178 2323 238 2354 est
268 2327 448 2366 usquam,
477 2312 668 2364 quicquid
694 2312 904 2359 lemurum,
931 2314 1123 2366 quicquid
1146 2315 1356 2361 larvarum,
1385 2316 1508 2355 oculis
1532 2317 1612 2356 tuis
1637 2318 1698 2356 in-

181 2392 363 2442 gerat„”“

257 2503 343 2557 598.
407 2502 619 2562 Patere]
674 2506 811 2548 Make
844 2508 1097 2563 confession.
1143 2512 1358 2550 ''Fatemur
1395 2513 1500 2551 enim
1535 2515 1699 2553 eoacti.“

183 2594 289 2633 Vide
323 2593 451 2632 Gloss.
486 2591 526 2629 in
567 2591 674 2630 Men.
699 2596 786 2631 545.
839 2591 950 2630 Infra
976 2592 1063 2639 691.
1094 2593 1181 2638 695.
1242 2592 1438 2644 Exemplo
1471 2593 1558 2638 erit,
1598 2594 1696 2632 Hor.

185 2671 262 2708 Sat.
297 2668 350 2706 11.
379 2680 407 2705 1.
435 2666 497 2710 76.
554 2664 721 2703 “Invita
742 2665 937 2716 fatebitur
972 2681 1097 2718 usque
1137 2667 1325 2705 Invidia.”
1378 2667 1536 2712 Contra,
1574 2667 1696 2719 Apul.

188 2742 282 2779 Met.
310 2740 398 2778 Lib.
425 2738 504 2776 111.
559 2742 583 2760 “
594 2738 693 2788 Ego,
721 2737 862 2789 inquit,
891 2739 975 2790 ipsa
1001 2740 1180 2788 confiteor
1207 2739 1337 2777 ultro.''
