1864 3152
644 257 711 301 IN
746 257 1182 300 MENAECHMOS.
1581 256 1668 300 139

228 396 288 435 36.
351 388 659 455 Praeterhac.]
694 392 1050 447 Hmcesorward.
1085 393 1266 432 poam.
1301 393 1411 431 luffa
1426 391 1516 437 627.
1551 391 1673 430 Most.

155 483 217 521 71.
272 477 534 516 “Proeterlaac
558 477 656 515 mihi
677 490 756 515 non
774 475 894 515 facies
911 475 1097 512 moram.”
1142 471 1263 512 such.
1283 477 1371 511 322.
1408 470 1674 509 “Prae-term

155 552 185 590 si
205 566 268 591 me
285 552 515 592 iri-iussis?
570 552 647 597 Sic,
675 551 786 590 infra
805 549 893 595 161,
921 550 1132 588 Proeterea.

227 662 290 701 37-
354 651 531 708 Faxis;
563 638 709 710 faxo.]
765 658 870 697 vett.
913 670 988 709 pro
1011 655 1178 708 seceris,
1220 664 1261 695 et
1278 655 1430 707 fecero,
1466 661 1507 693 et
1520 653 1670 704 faciae.

156 736 261 776 Vide
275 737 367 776 Aul.
387 739 483 781 745.
494 736 624 775 Gloss.
664 735 773 773 Infra
786 740 874 775 240.
892 740 980 774 422.
1001 733 1089 773 Etc.
1126 733 1193 772 Sic
1209 732 1385 778 adaxint,
1402 744 1478 784 pro
1493 730 1670 782 adigant,

155 812 217 851 vel
243 811 452 864 adegerint,
478 810 574 849 Aul.
597 815 656 849 11.

226 940 293 947 --
352 907 553 969 Vidua]
596 915 686 954 Viro
702 914 907 967 disjuncta.
952 914 1062 953 Infra
1080 912 1168 953 622.
1206 912 1416 951 ”Omnino
1432 911 1540 950 enim
1558 910 1674 949 vidua

153 1006 200 1033 ea
216 1002 276 1032 est
294 1007 397 1045 quae,
420 1000 632 1045 postquam
652 993 801 1044 nupsit,
826 993 913 1031 viro
931 997 1077 1031 caret.“
1118 991 1254 1029 Lanu.
1309 989 1399 1027 Hoc
1417 1001 1534 1026 sensu
1553 987 1673 1026 Ovid.

157 1069 322 1109 Heroid.
342 1069 420 1121 Ep.
437 1070 467 1108 1.
488 1075 546 1108 10.
582 1069 801 1107 “Lassaret
817 1067 954 1106 viduas
971 1066 1144 1119 pendula
1161 1066 1241 1105 tela
1255 1065 1429 1103 manns?
1465 1061 1610 1102 catull.
1628 1062 1674 1103 C.

156 1145 230 1184 VI.
251 1145 287 1185 6.
339 1145 436 1183 “Te
464 1158 543 1183 non
567 1145 704 1183 viduas
720 1144 852 1195 jacere
875 1150 1022 1187 noctes,
1050 1141 1332 1192 Nequicquam
1354 1134 1518 1177 tacitum
1542 1137 1674 1177 cubile

155 1220 329 1259 clama&
382 1218 506 1257 Stich.
536 1225 570 1258 l.
615 1218 840 1256 “Miseram
885 1215 1003 1255 credo
1044 1214 1295 1266 Penelopam,
1340 1212 1443 1260 Quae
1486 1219 1567 1250 tam
1603 1211 1674 1250 diu

157 1295 242 1334 viro
267 1294 380 1333 vidua
408 1294 569 1333 caniitl'

229 1404 292 1438 38-
357 1391 631 1453 Quotiens]
693 1399 802 1437 Infra
829 1398 919 1444 690.
972 1398 1106 1436 ”Cum
1137 1409 1221 1433 mos
1253 1401 1356 1433 esset
1384 1378 1495 1445 apud
1524 1394 1676 1445 priseo·

158 1481 352 1519 Romanos
370 1479 523 1518 vocales
540 1478 678 1529 longas
695 1491 719 1515 a
735 1477 924 1516 brevibus
941 1475 1051 1527 apice
1072 1473 1255 1526 imposito,
1285 1472 1503 1524 [Quinctil.
1527 1472 1625 1510 Inst.
1646 1471 1678 1509 1.

157 1564 233 1590 vn.
256 1551 361 1603 init]
388 1550 645 1600 distinguere,
674 1548 742 1600 (ad
768 1548 876 1587 hunc
902 1548 1077 1592 modum,
1102 1537 1151 1592 X,
1175 1536 1253 1597 ’ἐὴ
1278 1553 1319 1584 et
1340 1545 1506 1584 eandem
1531 1545 1676 1584 lineam

156 1641 227 1665 seu
253 1625 450 1677 virgulam
476 1624 625 1663 librarii
654 1624 705 1662 ad
733 1622 1009 1675 exprimendas
1036 1622 1074 1659 N
1098 1622 1163 1660 vel
1185 1622 1230 1659 M
1254 1621 1388 1659 literas
1413 1621 1678 1672 scriptitantes

156 1703 197 1740 in
221 1700 511 1752 antiquioribus
533 1698 758 1738 invenerint
766 1712 779 1744 ς
806 1709 886 1735 non
908 1696 1012 1735 male
1033 1697 1255 1748 suspicatur
1271 1695 1414 1734 Justus
1435 1696 1544 1747 Lips.
1592 1695 1677 1744 (De

155 1784 250 1816 rect.
275 1788 388 1827 pron.
413 1774 501 1812 Lat.
529 1774 675 1825 Lingu.
708 1774 802 1825 Cap.
823 1774 880 1823 5.)
902 1771 996 1811 hinc
1020 1771 1165 1810 malam
1186 1770 1421 1822 scripturam
1448 1770 1677 1822 provenisse

154 1865 311 1897 vocum,
339 1849 546 1897 Quotiens,
579 1849 754 1894 Totiens,
781 1847 1046 1893 Vioensimus,
1074 1847 1335 1892 Formonsus3
1365 1850 1468 1885 etc.“
1520 1845 1677 1884 Funcc.

158 1927 221 1965 De
248 1926 333 1964 Vir.
362 1924 440 1963 AEt.
459 1923 566 1962 L.L.
594 1924 689 1974 Cap.
707 1928 745 1961 8.
773 1922 806 1972 ἦ.
825 1934 883 1960 lx.

228 2036 292 2069 41.
356 2023 683 2082 Portitorem.]
736 2025 1064 2066 Castam-house
1084 2026 1235 2082 officer.
1284 2027 1411 2080 Cujus
1428 2035 1513 2066 erat
1526 2033 1675 2080 por-tum

156 2111 350 2156 obsidere,
389 2117 430 2148 et
455 2108 587 2147 omnia
620 2107 820 2154 sciscitari,
850 2113 897 2145 ut
924 2119 973 2145 ex
1003 2106 1052 2144 iis
1080 2106 1249 2157 vectigal
1276 2114 1459 2145 sumeret.
1514 2107 1677 2145 Confert

158 2184 328 2231 Nonius,
364 2182 445 2222 Cic.
472 2182 573 2234 Rep.
601 2181 671 2220 IV.
723 2180 865 2218 “Nolo
894 2179 1065 2222 eundem
1094 2180 1287 2232 populum
1318 2180 1609 2232 imperatorem,
1637 2187 1678 2218 et

153 2260 370 2313 portitorem
387 2271 471 2297 esse
492 2257 721 2295 terrarum?
768 2255 832 2293 De
851 2254 929 2294 Off.
948 2255 980 2292 I.
998 2260 1062 2294 θ.
1105 2259 1131 2276 “
1143 2251 1424 2306 Improbantur
1440 2255 1469 2292 ii
1487 2238 1676 2306 quaestu&

159 2334 229 2386 qui
246 2334 287 2372 in
306 2332 397 2371 odia
411 2331 616 2370 hominum
629 2330 850 2377 incurrunt,
869 2336 914 2367 ut
923 2329 1182 2381 portitorum?
1213 2329 1305 2367 Ter.
1320 2329 1481 2366 Phorm.
1500 2329 1533 2366 1.
1552 2336 1596 2367 1'1.
1613 2335 1676 2374 99.

160 2415 188 2431 “
198 2407 418 2459 Epistulam
452 2406 588 2444 audivi
610 2405 662 2443 ad
687 2403 891 2457 portitores
915 2418 1000 2443 esse
1024 2403 1230 2443 delatam.''
1281 2404 1424 2441 Noster
1453 2403 1564 2441 Asin.
1590 2408 1674 2442 143.

159 2482 340 2520 Trinum-
358 2480 445 2526 764-

161 2627 165 2630 ,
233 2610 300 2619 —
360 2579 573 2627 Domum
597 2578 752 2638 duxi]
801 2582 831 2622 I
846 2581 955 2622 have
972 2582 1176 2622 married.
1233 2586 1343 2624 Hine
1359 2585 1538 2624 absolute
1554 2584 1675 2630 duxi,-

162 2666 271 2719 quod
298 2666 349 2705 ad
380 2666 503 2704 virum
532 2666 660 2705 solum
688 2665 872 2716 pertinet,
900 2671 947 2702 ut
968 2663 1110 2702 nubere
1133 2664 1184 2703 ad
1194 2664 1396 2718 sentinam.
1451 2664 1554 2703 Vide
1580 2664 1674 2703 Aul.-

162 2747 249 2780 443.
276 2741 327 2779 G.
381 2740 563 2779 Notabile
593 2738 820 2790 exemplum
847 2740 999 2790 praebet
1028 2738 1106 2777 Ov.
1135 2740 1231 2777 Met.
1260 2738 1335 2777 IX.
1364 2739 1452 2783 764.
1479 2775 1482 2777 .
1505 2738 1678 2784 “Saoea,

161 2816 309 2867 quibus
326 2813 395 2866 qui
413 2815 521 2852 ducat
538 2815 660 2859 abest,
689 2814 757 2851 ubi
776 2813 947 2852 nubimus
964 2814 1125 2852 ambae.''
1178 2813 1262 2862 (De
1280 2814 1429 2865 nuptiis
1447 2827 1545 2864 quas
1564 2814 1677 2864 Iphin
