1864 3152
734 230 1143 304 AULULARIA.
1675 268 1732 310 43

146 389 357 438 Sumit
385 392 484 453 jam
520 391 756 445 afferetur,
791 391 831 438 si
865 408 893 438 a
926 390 1025 439 foro
1059 392 1187 455 ipsus
1221 391 1426 441 redierit.

1656 404 1732 439 310

147 474 271 522 STA.
293 475 448 538 Ligna
482 474 560 522 hie
595 474 721 539 apud
756 491 840 523 nos
874 475 1007 523 nulla
1041 483 1166 525 sunt.

146 640 269 688 STA.
281 641 404 688 Sunt
437 640 528 704 pol.

1146 558 1238 607 CO.
1275 560 1399 608 Sunt
1433 562 1645 608 asseres?

479 739 483 742 ·
515 722 607 771 Co.
647 723 770 771 Sunt
804 724 952 787 igitur
985 723 1142 788 ligna:
1177 742 1237 773 ne
1271 742 1451 789 quaeras
1484 726 1613 775 foris.

145 807 430 863 STAQuid,
466 809 715 871 imputate,
754 823 1036 870 quamquam
1072 805 1287 856 Volcano
1322 810 1499 866 studes,

276 889 505 937 Coenaene
539 906 690 943 causa,
725 896 810 936 aut
844 896 938 936 tuae
972 889 1199 937 mercedis
1230 891 1399 954 gratia,

277 971 377 1019 Nos
411 979 591 1019 nostras
625 971 746 1018 aedes
778 970 989 1034 postulas
1023 973 1292 1021 comburere
1309 975 1333 1020 ἶ)

144 1053 235 1101 Co.
278 1054 426 1102 Haud
458 1054 659 1118 postulo.

1652 983 1726 1017 315

610 1137 732 1185 STR.
770 1136 886 1184 Duc
919 1139 1033 1186 istos
1067 1139 1205 1187 intro.

1199 1223 1322 1271 STA.
1359 1223 1638 1287 Sequimini.
1659 1284 1661 1286 q

528 1316 618 1340 nal-1.
656 1316 732 1345 Tae,
750 1322 798 1347 per
814 1314 902 1340 utin
923 1321 973 1346 pro
994 1317 1139 1348 monosyll.
1162 1317 1329 1343 habendum.

193 1393 280 1426 310.
344 1387 499 1439 Ipsus]
538 1387 651 1438 Ipse;
695 1388 903 1432 ‘3Master’

141 1450 264 1488 αὐτός.
293 1464 346 1489 sc.
367 1450 521 1495 Euclio,
553 1450 623 1501 qui
644 1463 737 1488 mox
755 1464 792 1487 v.
813 1455 903 1495 325,

140 1529 164 1552 a
182 1514 348 1560 f010‚h
364 1528 398 1553 e.
418 1514 596 1559 macello,
615 1514 740 1552 redit:
769 1514 903 1564 itaque

142 1591 350 1630 perperam
364 1578 627 1629 Megadorum
639 1577 815 1616 hocloco
832 1591 903 1629 per

142 1641 263 1692 ipsum
282 1639 511 1691 intelligunt
529 1639 708 1691 Interpp.

193 1719 281 1753 311.
337 1714 432 1751 Sunt
464 1712 671 1764 asseres-sd]
727 1718 739 1735 ‘
752 1713 903 1751 You've

140 1776 208 1814 the
244 1776 377 1814 beams
408 1775 456 1813 of
476 1776 544 1814 the
580 1775 718 1820 house,
758 1775 775 1812 I
807 1788 901 1826 sup-

140 1841 277 1890 pose?’
350 1839 440 1877 Hoc
475 1839 543 1884 ait,
580 1838 739 1877 ridiculi
771 1851 899 1883 causa,

141 1902 235 1953 quia
266 1901 462 1953 Staphyla
492 1902 648 1940 dixerat
676 1900 782 1939 nulla
821 1915 902 1939 esse

139 1965 247 2017 ligna
265 1965 373 2017 apud
391 1965 496 2004 aedes
516 1965 731 2003 Euclionis.

193 2044 281 2078 312.
336 2039 436 2077 Sunt
463 2038 568 2091 poL]
622 2039 709 2077 ‘To
734 2040 786 2077 be
814 2053 904 2078 sure

140 2103 252 2142 there
268 2105 357 2142 are.’
411 2103 515 2142 Cum
538 2103 810 2142 admiratione.

195 2190 248 2197 --
313 2167 413 2205 Sunt
459 2167 582 2219 igitur
630 2167 752 2218 ligna,
799 2168 899 2220 etc.]

141 2239 152 2254 ‘
165 2230 272 2270 Well
294 2231 390 2270 then
413 2231 557 2270 there's
584 2231 700 2270 wood
725 2231 898 2282 enough,

139 2309 221 2347 you
246 2294 349 2332 need
374 2301 445 2332 not
472 2308 525 2345 go
552 2301 594 2333 to
622 2295 716 2333 seek
743 2295 775 2332 it
801 2295 899 2333 else-

140 2355 296 2394 where?
352 2355 417 2392 Ρι·1
433 2355 537 2394 cacis
571 2355 690 2406 coqui
725 2355 898 2406 ineptia»,

139 2417 384 2468 indignantis
400 2417 591 2455 nimirum
609 2417 718 2468 quod
735 2418 777 2454 in
795 2417 899 2456 aedes

139 2481 300 2519 miseras
319 2481 527 2519 Euclionis
545 2481 731 2519 detrusus
748 2480 810 2517 sit.

191 2548 281 2582 313.
347 2543 560 2595 Impurate,
608 2543 709 2594 etc.]
773 2542 898 2581 Jocus

139 2605 335 2655 petendus
365 2612 426 2644 est
455 2619 502 2646 ex
539 2604 761 2643 differentia
795 2605 899 2642 inter

141 2683 257 2708 voees
290 2669 507 2722 impuratus
541 2677 581 2708 et
617 2669 802 2720 impurus,
848 2668 899 2706 de

142 2746 222 2783 qua
248 2732 339 2772 vide
366 2733 408 2771 in
441 2733 569 2772 Gloss.
623 2732 793 2771 Sensum
823 2745 897 2770 acu

141 2796 274 2846 tetigit
303 2795 471 2847 Interpr.
500 2796 620 2846 Angl.
674 2795 794 2834 ‘You
812 2795 897 2834 that

970 1401 1035 1426 are
1061 1389 1289 1441 unpurnfied,
1317 1389 1471 1441 though
1494 1403 1597 1441 your
1620 1391 1729 1429 busi-

970 1464 1059 1489 ness
1078 1452 1110 1490 is
1129 1466 1172 1490 so
1190 1453 1310 1492 much
1329 1453 1426 1491 with
1446 1454 1540 1492 fite.¹
1595 1453 1727 1504 Signi-

971 1514 1072 1559 fleat,
1105 1523 1233 1554 tantas
1260 1517 1347 1568 ejus
1378 1517 1601 1568 impuritias
1629 1531 1727 1563 esse,

970 1585 1015 1616 ut
1036 1591 1087 1616 ne
1105 1579 1211 1629 ignis
1232 1579 1408 1630 quidem,
1429 1580 1545 1632 eujus
1570 1581 1609 1618 vi
1636 1581 1727 1619 soli·

969 1640 1222 1680 dissimorum
1240 1656 1402 1694 quoque
1415 1656 1627 1694 corporum
1645 1657 1729 1686 me·

968 1704 1062 1741 talla
1095 1704 1347 1744 defaecatiora
1381 1706 1617 1752 redduntur,
1649 1707 1729 1745 illis

968 1768 1187 1819 purgandis
1228 1782 1405 1820 unquam
1447 1770 1624 1815 sufficiat,
1669 1777 1729 1808 ta-

967 1832 1082 1870 metsi
1105 1846 1195 1871 eum
1221 1833 1394 1884 (ignem)
1418 1834 1460 1872 in
1484 1834 1728 1873 Proefectura

968 1908 1039 1933 sua
1060 1896 1218 1934 focariae
1242 1897 1458 1948 provinciae
1481 1911 1637 1950 semper
1661 1911 1726 1937 co-

969 1958 1026 1996 lat
1042 1972 1088 1998 ac
1105 1965 1257 1998 tractet.
1311 1959 1446 1998 Douz.

1020 2044 1074 2052 —
1122 2021 1359 2074 Quamquam
1383 2023 1545 2062 Volcano
1561 2023 1729 2076 studea]

972 2085 1170 2135 ‘Though
1197 2101 1222 2124 a
1252 2086 1417 2138 disciple
1444 2088 1493 2125 of
1514 2087 1728 2127 Vuloen's!

970 2148 1161 2199 Coquinae
1181 2150 1395 2201 proefectus
1415 2164 1470 2188 es.
1523 2150 1628 2188 Con.
1651 2151 1729 2188 Ms.

967 2211 1074 2250 Vide
1092 2212 1219 2250 Gloss.
1254 2220 1295 2251 et
1318 2213 1422 2251 conf.
1442 2213 1550 2252 Pers.
1570 2219 1658 2253 335.

1180 2274 1224 2305 Vr
1228 2284 1284 2304 ιισ.
1304 2274 1475 2310 “Amabo
1489 2275 1645 2313 mii-,pate
1700 2288 1703 2291 “

988 2322 1177 2362 Quamquam
1193 2323 1337 2355 lubente
1322 2325 1419 2354 reseis
1431 2324 1540 2355 aiislen
1558 2326 1667 2362 studes,

986 2370 1047 2401 Tui
1096 2381 1156 2402 vne
1136 2371 1211 2402 utris
1224 2371 1460 2402 causaffliamv
1442 2382 1500 2403 vne
1481 2372 1695 2403 ndistuamv.”

1017 2433 1106 2467 315.
1161 2428 1244 2466 Nos
1279 2434 1433 2466 nostras
1466 2428 1579 2474 aedes,
1621 2429 1722 2481 eta]

966 2491 1097 2529 Locus
1118 2498 1178 2529 est
1200 2491 1415 2529 consimilis
1437 2491 1480 2528 in
1500 2492 1614 2542 Capt.
1633 2493 1721 2536 770.

965 2553 1031 2584 Ha.
1050 2555 1071 2570 ‘⁸
1088 2553 1173 2590 Quid
1183 2553 1335 2592 jubeam?

1266 2604 1329 2635 En.
1352 2604 1462 2643 Ignem
1474 2604 1632 2643 ingentem
1644 2605 1722 2640 fieri.

966 2658 994 2689 H
1001 2668 1029 2687 r..
1049 2657 1157 2695 Ignem
1170 2656 1345 2694 ingentem?

1118 2705 1181 2736 En.
1201 2705 1250 2735 lta
1263 2704 1352 2744 dico;
1365 2714 1496 2742 magnus
1509 2709 1543 2735 ut
1553 2704 1607 2749 sit·-

1307 2755 1501 2793 HmQuid!
1521 2765 1583 2793 me,
1594 2757 1721 2794 voltur-i,

1051 2806 1148 2836 Tuan*
1163 2817 1252 2836 causa
1267 2806 1342 2837 edet
1354 2807 1544 2837 int-emm
1558 2808 1673 2837 m?
1683 2806 1703 2819 '‘
