1864 3152
633 236 701 277 IN
735 234 1195 277 AULULARIAM.
1582 233 1669 275 123

227 381 289 415 31.
353 369 455 418 Die
476 367 607 429 uno.]
668 376 717 414 In
740 375 914 415 tironum
936 376 1104 428 gratiam
1123 388 1254 427 operae
1273 375 1437 413 fortasse
1454 373 1530 413 erit
1552 374 1671 413 semel

154 459 375 502 observare,
403 455 511 502 Dies,
536 456 606 495 ubi
622 454 832 493 msculino
852 468 998 506 genere
1016 461 1244 506 usurpatur,
1269 454 1504 505 plerumque
1523 451 1573 491 de
1592 465 1673 491 uno

154 530 288 581 aliquo
322 536 364 568 et
393 529 504 567 finito
533 527 599 566 die
626 526 726 566 dici:
756 526 827 566 ubi
854 534 986 566 autem
998 525 1191 578 feminino
1216 538 1374 577 genere,
1399 532 1487 564 tum
1513 524 1671 576 longius

155 611 312 656 tempus
338 611 379 643 et
403 602 651 642 indefinitum
683 601 850 640 maxime
885 600 1116 652 significare.
1170 600 1363 652 Exempla
1393 606 1525 646 erunt,
1559 598 1670 638 Nost.

157 678 264 716 Men.
278 681 340 716 80.
370 681 397 699 “
406 674 503 727 Dies
520 674 681 726 quidem
695 673 747 712 ad
765 673 998 712 umbilicum
1016 679 1076 711 est
1092 671 1314 711 dimidiatus
1329 673 1526 711 morinos?
1554 671 1674 723 (This

156 749 268 801 day,)
295 762 450 800 nempe,
479 747 692 787 hodiernus
720 755 761 786 et
787 761 960 800 praesens
987 747 1083 786 dies.
1136 747 1295 794 Contra,
1326 748 1425 787 Hor.
1444 749 1495 787 A.
1514 748 1561 786 P.
1585 754 1675 795 293.

157 821 363 859 “Carmen
390 819 677 871 reprehendite,
706 819 815 871 quod
839 833 919 857 non
946 819 1077 858 Multa
1100 818 1182 857 dies
1209 826 1249 858 et
1271 820 1396 859 multa
1417 820 1537 860 litura
1562 834 1673 860 coer-

155 895 272 935 cuit.’'
326 894 406 932 Ubi
426 894 490 933 vel
508 906 628 932 nonus
644 907 771 931 annus
788 894 1032 945 intelligitur.
1076 894 1171 932 Juv.
1191 894 1272 934 Sat.
1293 895 1344 933 Χ.
1362 894 1452 935 265.
1498 895 1672 949 “Longa

154 970 233 1008 dies
258 969 382 1020 igitur
409 969 506 1020 quid
536 968 702 1008 contulit
712 971 756 1007 ?''
791 969 855 1008 De
883 969 1030 1008 Priami
1058 976 1270 1009 senectute.
1324 971 1416 1009 Non
1446 971 1673 1023 negandum

154 1051 286 1083 tamen
303 1050 363 1082 est
381 1044 477 1094 quin
500 1057 549 1082 ex
567 1043 641 1082 hoc
661 1057 735 1081 usu
758 1043 916 1082 interim
939 1043 1189 1083 discesserint
1207 1044 1270 1083 vel
1294 1044 1433 1096 optimi
1452 1045 1672 1097 scriptores,

154 1133 285 1171 neque
302 1119 423 1158 iidem
441 1119 600 1157 omnino
618 1119 694 1157 sibi
710 1119 807 1171 ipsis
825 1126 1015 1159 constent.
1068 1119 1118 1158 Id
1135 1132 1243 1165 vero,
1270 1120 1311 1158 ni
1329 1119 1455 1166 fallor,
1476 1134 1552 1172 pro
1568 1127 1676 1160 certo

155 1195 311 1240 habeas,
341 1194 438 1232 diem
460 1194 502 1232 in
528 1193 738 1233 masculino
758 1207 905 1246 genere
928 1207 1132 1246 nunquam
1157 1208 1233 1246 pro
1255 1202 1436 1247 tempore
1455 1195 1591 1248 aliquo
1614 1196 1675 1234 in-

158 1270 321 1310 definito
346 1269 540 1321 usurpari.

170 1428 174 1430 Ᾰ
231 1391 291 1424 32.
357 1379 697 1444 Intemperiae.]
751 1383 954 1437 Frenzy‚·
989 1386 1221 1425 crazz'ness.
1286 1389 1347 1427 Id.
1382 1404 1450 1441 qu.
1492 1391 1676 1435 insaniae:

158 1467 308 1506 dictum
328 1476 388 1505 est
413 1481 460 1505 eo
484 1467 592 1518 quod
614 1466 704 1518 quis
730 1472 940 1519 temperare
959 1465 1033 1505 sibi
1057 1467 1194 1519 nequit.
1247 1468 1368 1520 Epid.
1397 1469 1484 1514 467.
1539 1469 1678 1517 “Quae

155 1550 195 1582 te
222 1542 453 1594 intemperioe
478 1547 602 1580 tenent
612 1542 657 1579 .2''
712 1541 800 1579 Mil.
828 1547 917 1586 435,
946 1544 1023 1581 ὅτε,
1071 1541 1183 1581 Infra
1209 1542 1298 1588 596.

232 1691 297 1699 —
359 1655 589 1717 Tenent]
661 1662 834 1703 Possess
864 1662 965 1702 him.
1032 1666 1135 1704 Men.
1165 1672 1252 1713 790.
1281 1666 1331 1706 G.

235 1784 296 1818 33.
357 1770 640 1832 Interdius]
705 1782 767 1821 Id.
793 1797 860 1834 qu.
887 1783 1066 1821 interdiu.
1121 1782 1283 1835 Semper
1309 1784 1416 1835 apud
1443 1784 1647 1823 Nostrum.

234 1895 295 1934 36.
359 1888 608 1954 Appetit.]
679 1895 965 1948 Approaches.
1026 1899 1161 1937 1nstat.
1189 1898 1277 1937 mv.
1299 1898 1345 1935 V.
1366 1904 1427 1937 44.
1466 1899 1585 1939 “Ubi
1602 1912 1680 1938 nox

161 1978 342 2030 appetit?
396 1979 494 2016 Caes.
521 1978 568 2016 B.
589 1978 638 2016 G.
666 1977 740 2016 VI.
760 1983 821 2018 35.
875 1978 1010 2017 “Dies
1036 1977 1238 2031 appetebat
1262 1978 1488 2030 septimus.'’
1540 1978 1678 2027 Quint.

165 2055 262 2093 Inst.
290 2054 346 2094 11.
374 2066 414 2092 x.
451 2054 532 2092 init.
562 2055 688 2094 “Jam
716 2055 797 2094 fere
823 2062 981 2107 tempus
1007 2060 1157 2108 appetet
1183 2055 1475 2106 aggrediendi.'’

236 2177 298 2211 38.
363 2166 568 2228 Unam]
631 2176 689 2214 To*
712 2191 824 2215 unam
854 2176 1037 2229 «apa...
1090 2177 1192 2216 PAR.
1222 2177 1292 2229 qui
1314 2177 1419 2222 citat,
1450 2177 1566 2214 Most.
1589 2175 1683 2219 671.

167 2259 192 2276 “
208 2254 293 2292 Nec
311 2253 472 2305 quidem
495 2267 584 2293 esca
607 2268 684 2292 una
708 2268 772 2294 me
789 2255 942 2306 juverit
962 2255 1120 2306 magis.”
1147 2255 1235 2301 965.
1290 2260 1316 2277 “
1331 2255 1456 2293 Unum
1474 2253 1559 2292 vidi
1574 2266 1681 2292 mor-

165 2335 276 2366 tuom
302 2327 430 2366 efferri
457 2328 594 2367 foras.'’
647 2329 779 2374 Adde,
810 2329 919 2368 infra
944 2328 1030 2369 526.

238 2460 304 2468 —-
361 2434 599 2482 Litteram
629 2431 859 2498 longam]
904 2442 1012 2482 citat
1039 2444 1213 2482 nunu:
1242 2444 1280 2482 J.
1302 2443 1409 2494 Lips.
1464 2443 1526 2481 De
1554 2442 1679 2482 Recta

171 2521 284 2559 Pron.
308 2520 354 2558 L.
374 2521 421 2559 1..
448 2534 480 2560 c.
500 2532 598 2559 vm.
650 2521 776 2573 Cujus
801 2522 921 2560 verba
945 2529 1061 2569 sunt3
1087 2524 1110 2537 ”
1122 2522 1273 2561 Littera
1296 2521 1316 2559 1
1335 2534 1427 2567 non,
1451 2528 1495 2559 ut
1513 2528 1677 2566 caeterae‚

166 2596 388 2649 geminatur
416 2604 485 2635 aut
509 2596 620 2648 apice
645 2596 708 2648 [V
709 2597 762 2635 id.
787 2597 898 2637 Men.
920 2602 982 2637 38.
1008 2597 1084 2649 G.]
1109 2596 1339 2648 insignitur:
1368 2596 1436 2635 sed
1457 2596 1685 2648 productior*

154 2673 226 2722 fil,
243 2678 278 2711 et
295 2672 527 2725 longitudine
545 2672 656 2725 qnasi
674 2673 804 2725 dupla.
858 2674 1040 2726 Exempli
1058 2687 1185 2718 causa,
1205 2673 1312 2718 rlso,
1332 2673 1473 2718 vlvus,
1493 2673 1651 2712 mulus
1662 2688 1680 2719 ;

171 2748 266 2787 ldeo
286 2746 367 2785 κατ’
387 2747 527 2800 ἑξοχῆν
544 2747 644 2786 inter
663 2761 795 2787 omnes
813 2748 962 2788 litteras
980 2747 1064 2786 haec
1082 2746 1240 2798 proprie
1257 2746 1361 2785 dicta
1378 2745 1504 2798 longa.
1558 2746 1693 2795 Plau-,4
