1864 3152
719 269 1117 312 AULULARIA.
1651 275 1705 315 51

250 397 502 462 Sequitur!
540 398 659 454 Scio,
692 416 833 463 quam
869 417 967 449 rem
996 417 1183 464 geram:
1220 401 1309 450 hoc
1329 403 1460 467 ipsus
1482 404 1708 467 magister

446 498 522 529 me
555 482 731 530 docuit.

569 785 692 827 Ac'r
727 787 819 828 111.

900 787 1097 830 SCENA
1133 789 1238 829 VII.

670 948 855 982 EUCLIO.
904 950 1132 983 CONGRIO.

118 1090 219 1139 En.
262 1091 415 1139 Redi!
451 1108 543 1156 quo
576 1092 703 1157 fugis
736 1094 899 1141 nunc?
932 1096 1070 1141 tene!

987 1175 1080 1224 Co.
1117 1176 1254 1234 Quid
1276 1177 1462 1230 stolide,
1486 1178 1658 1227 clamas
1673 1181 1698 1226 ?

114 1258 216 1306 ΕΗ.
248 1260 374 1316 Quia
395 1260 456 1308 ad
478 1259 710 1308 Trisviros
727 1262 828 1323 jam
852 1277 938 1325 ego
957 1259 1165 1308 deferam
1188 1278 1360 1309 nomen
1394 1269 1542 1310 tuom.

113 1427 215 1475 EU.
257 1428 381 1484 Quia
416 1428 622 1476 cultrum
657 1427 814 1476 habes.

1075 1345 1167 1392 Co.
1205 1345 1528 1403 Quamobrem
1542 1347 1567 1392 ἶ)
1619 1357 1697 1395 370

774 1512 864 1560 CO.
902 1510 1081 1560 Cocum
1117 1511 1268 1560 decet.

245 1677 378 1726 Mihi
394 1680 418 1726 ἶ)

1090 1595 1191 1644 EU.
1227 1596 1358 1652 Quid
1380 1597 1691 1645 comminatus

349 1764 438 1811 Co.
465 1764 598 1812 Istuc
620 1764 920 1812 malefactum
941 1764 1154 1818 arbitror,
1178 1764 1289 1827 quia
1308 1780 1403 1811 non
1428 1764 1554 1812 latus
1577 1764 1688 1812 fodi.

170 1926 261 1951 mm.
280 1926 419 1951 Itacodd.
438 1926 494 1951 Bo:
516 1933 640 1958 nemoy.
657 1927 756 1951 docuit.

791 1925 909 1951 Mettum
923 1928 963 1950 &t
978 1925 1099 1950 nonne.
1125 1925 1194 1950 Τοῦ.
1213 1926 1468 1955 catalecta-470.
1487 1927 1623 1952 luenda.
1636 1927 1691 1952 Bo:

107 1966 728 1997 ωσιιηοιιει-πιοιιίάοωοασοᾱᾱ,
762 1965 1351 1999 ΕιΒᾱάὙεα-Βοεςυίαςεεᾱῃϋορυε.

161 2083 249 2122 368.
304 2083 404 2127 Scio,
443 2097 553 2135 qnam
584 2096 661 2121 rem
691 2083 864 2135 geram]

107 2145 200 2184 Scio
218 2145 316 2196 quid
332 2160 447 2197 agam
458 2162 471 2193 3
501 2160 644 2198 nempe
666 2146 775 2185 haud
801 2159 865 2184 me

105 2209 271 2260 impune
287 2209 445 2256 laeserit,
471 2211 623 2262 quippe
639 2211 711 2262 qui
727 2211 865 2262 plagas

37 2287 52 2294 ²
106 2273 294 2311 inferenti
314 2275 480 2313 totidem
498 2276 678 2322 referam,
704 2283 751 2313 ut
770 2288 863 2314 mox

103 2342 270 2386 apparet
281 2350 293 2381 ;
322 2335 435 2375 Infra
451 2341 539 2383 379.

156 2430 211 2441 ·—
266 2411 387 2462 Ipsus
438 2411 655 2464 magistet]
721 2413 862 2452 Euclio

105 2484 261 2524 nempe,
293 2474 363 2525 qui
390 2482 471 2512 tam
498 2475 661 2526 largiter
687 2475 862 2514 fustibus

107 2547 205 2573 usus
222 2542 293 2573 est.

159 2614 248 2653 871.
277 2610 379 2653 Quia
390 2613 551 2651 cultrum
563 2614 716 2667 habea]
730 2614 863 2662 Quem

106 2678 262 2722 gestare
288 2673 455 2713 vetitum
481 2676 650 2728 legibus,
679 2678 756 2715 nisi
775 2685 862 2715 tan-

105 2742 194 2774 tum
225 2737 362 2788 coquis
371 2753 385 2785 3
421 2754 543 2791 quare
569 2740 644 2781 hac
674 2756 791 2781 causa
821 2754 862 2781 se

105 2807 266 2839 excusat
283 2800 468 2853 Congrio.
496 2805 576 2844 Cic.
596 2805 674 2844 Pro
685 2806 771 2845 Mil.
790 2806 860 2844 lv.

932 2083 1067 2121 “Esse
1091 2095 1183 2121 cum
1202 2083 1293 2128 telo,
1318 2083 1488 2122 hominis
1506 2085 1688 2124 occiden-

929 2144 973 2183 di
990 2158 1119 2191 eausa,
1137 2153 1246 2184 vetat
1261 2146 1357 2184 lex.¹’

981 2245 1035 2252 —
1100 2220 1205 2264 Quid
1247 2221 1493 2261 comminatus
1532 2222 1624 2261 mihi
1635 2223 1684 2276 ἓ]

930 2285 1041 2332 Quid
1065 2285 1324 2323 comminatus
1351 2299 1392 2324 es
1421 2286 1551 2324 mihi?
1581 2286 1684 2325 Cum

929 2362 970 2387 se
991 2348 1180 2386 defendat
1207 2361 1359 2399 coquus
1387 2349 1482 2400 quia
1510 2349 1684 2389 cultrum

928 2425 974 2449 ex
989 2411 1110 2462 officio
1128 2419 1254 2463 gerat,
1276 2420 1433 2451 accusat
1454 2413 1551 2451 alter
1574 2414 1685 2465 quod

930 2477 1135 2515 minaciter
1154 2490 1201 2515 eo
1218 2489 1313 2514 usus
1331 2484 1403 2522 est,
1421 2476 1592 2528 ideoque
1609 2490 1684 2530 pro

928 2538 1173 2590 malefactore
1199 2538 1337 2577 haberi
1372 2537 1526 2584 debeat,
1561 2546 1603 2578 et
1631 2539 1685 2578 ad

930 2603 1135 2641 Tresviros
1161 2601 1320 2647 deferri,
1348 2601 1399 2640 de
1426 2615 1597 2653 quorum
1622 2604 1683 2642 of-

929 2667 1030 2712 ficio,
1058 2667 1161 2705 Vide
1187 2667 1230 2704 in
1256 2666 1386 2704 Gloss.

979 2748 1067 2786 372.
1121 2741 1229 2779 Istuc
1248 2739 1486 2791 malff'actum
1500 2740 1681 2786 arbitror,

926 2807 1027 2858 etc.]
1072 2807 1226 2850 Fateor,
1245 2805 1376 2857 inquit
1393 2804 1570 2856 Coquus,
1586 2805 1678 2845 Ma-
