1864 3152
719 269 1114 313 AULULARIA.
1652 268 1711 324 37

264 399 380 448 Infit
415 402 480 449 ibi
515 402 764 466 postulare,
798 403 999 467 plorans,
1034 403 1244 466 ejulans:

264 484 333 532 Ut
367 485 454 532 sibi
485 485 647 533 liceret
677 486 874 534 miliiom
911 486 1135 534 vadarier.

265 567 496 617 Sexcenta
526 577 652 625 sunt,
687 586 789 633 quae
821 586 1088 625 memorem,
1124 570 1163 617 si
1197 571 1260 617 sit
1294 571 1482 618 otium:-

1633 583 1708 620 275

264 650 357 698 Sed
394 659 497 700 uter
521 660 788 700 -vostrorum
825 660 896 700 est
931 652 1123 700 celerior
1136 654 1159 699 ἶ)
1196 669 1402 700 memora
1435 652 1569 701 mihi.

132 731 223 780 Co.
261 734 384 798 Ego,
409 742 465 783 ut
478 735 638 783 'multo
660 735 838 783 melior.

805 819 891 867 ST.
928 820 1102 868 Cocum
1127 837 1228 885 ego,
1264 836 1359 868 non
1383 819 1551 877 furem,
1582 840 1708 888 rogo.

133 898 227 947 CO.
264 899 440 949 Cocum
472 919 558 966 ego
591 902 709 950 dico.

625 983 708 1032 ST.
744 984 880 1041 Quid
913 991 969 1032 tu
1003 985 1109 1032 ais?

1056 1067 1166 1116 AN.
1204 1068 1283 1117 Sic
1317 1087 1438 1127 sum,
1475 1078 1530 1119 ut
1565 1071 1707 1121 vides.

132 1148 218 1196 Co.
264 1148 417 1198 Cocus
449 1150 531 1199 ille
565 1151 838 1199 nundinalis
874 1158 973 1199 est:
1008 1152 1058 1198 in
1093 1169 1269 1201 nonum
1303 1153 1430 1202 diem

191 1292 286 1320 zm.
324 1291 1711 1328 UtomidtBasedhnbmtapaoenaipmmomnescodmnpidemmmutmetapud

130 1332 268 1362 Nostrum,
287 1332 594 1365 mundaum—278.
614 1332 1421 1366 Hmcmssutetsqq:mieawd00dd.mffimmtur
1435 1338 1712 1368 pamoe;8iem

131 1375 994 1407 tdvidoe,npud⁸epoemnoetmsc‹m31i1midaeun;v.279,
1016 1375 1136 1407 quinque
1157 1377 1712 1412 tribuuntsuofflmetxicinrelithk

131 1416 982 1449 vatiaum—-cmumoyohabmtomneslffoemetV'mdss
1002 1418 1710 1452 mcumGoel12e2-yo1egas;comautannon

128 1458 308 1487 elia—279.
327 1460 751 1492 Noenaimtoegpronunfiamt
769 1460 969 1490 utetinB.2‚
986 1461 1117 1492 scriptum
1133 1461 1295 1487 invenimus.

129 1599 154 1622 a
170 1592 273 1623 most
293 1585 450 1636 piteous
471 1563 570 1623 mse:
627 1585 806 1623 Praetoris
824 1585 884 1622 ni-

130 1649 274 1686 mirum
292 1655 375 1687 erat
387 1649 456 1700 jus
474 1649 618 1694 dicere,
637 1655 677 1687 et
693 1648 885 1687 actionem

130 1724 175 1750 ac
184 1711 342 1761 judices
356 1711 460 1750 dare.
497 1712 634 1750 Lus.
665 1711 771 1750 Vide
785 1712 883 1750 Cur-

131 1775 208 1813 cul.
227 1780 315 1821 379-

149 1858 170 1870 “
185 1856 218 1886 Si
232 1857 330 1895 magis
343 1867 392 1888 me
407 1857 577 1891 instabunt,
598 1858 638 1886 ad
650 1863 804 1895 pretorem
818 1856 883 1887 suf-

228 1906 358 1938 feram.’'

132 1963 265 2009 Persa,
293 1968 382 2002 485.
460 1961 462 1964 ’

216 2034 237 2048 “
253 2032 269 2063 Ῑ
290 2033 330 2064 ad
350 2031 449 2063 forum
468 2033 508 2062 ad
524 2032 717 2071 pretomn,'’
737 2033 797 2063 διο.

182 2122 270 2160 274.
317 2116 367 2155 Ut
381 2116 455 2154 sibi
468 2115 609 2162 liceret,
624 2116 724 2168 etc.]
752 2123 764 2139 ‘
777 2116 882 2154 That

130 2180 181 2218 he
214 2178 344 2230 might
377 2180 428 2217 be
461 2179 626 2218 allowed
655 2187 698 2217 to
728 2179 883 2230 compel

91 2272 94 2274 -
130 2243 198 2281 the
221 2243 305 2281 kioe
328 2250 370 2281 to
391 2243 484 2294 give
506 2243 599 2288 hail,
627 2243 706 2294 (for
727 2242 790 2281 his
812 2256 882 2294 ap-

130 2320 321 2358 pearance
348 2307 391 2344 in
418 2314 531 2346 court
556 2320 608 2345 on
628 2320 652 2344 a
677 2306 782 2345 fixed
806 2306 883 2357 day

130 2377 173 2409 to
189 2384 340 2410 answer
358 2371 420 2409 for
436 2370 505 2409 the
522 2370 696 2421 felony.)'
733 2371 885 2422 Cogere

130 2434 298 2472 miluum
318 2441 364 2472 ut
381 2421 450 2472 det
472 2432 548 2472 sibi
566 2433 814 2485 fidejussores
831 2434 882 2472 de

127 2497 219 2548 jure
235 2498 447 2537 reddendo.
500 2499 605 2537 Con.
625 2498 705 2536 Ms.

183 2597 271 2641 276.
317 2598 522 2652 celerior]
555 2599 725 2639 ‘Which
744 2601 791 2639 of
802 2615 882 2652 you

132 2669 213 2699 two
237 2662 271 2699 is
292 2661 360 2701 the
386 2663 587 2715 sharper?
631 2665 800 2710 Alludst,
827 2665 883 2703 ait

134 2726 343 2773 Gulielmz,
377 2729 428 2767 ad
457 2728 609 2768 dictum
638 2743 719 2781 quo
747 2730 881 2769 furum

133 2803 271 2829 manus
298 2790 437 2830 celeres
463 2792 586 2843 vulgo
613 2800 812 2832 vocantur.

1004 1590 1093 1627 277.
1150 1584 1286 1623 Cocum
1326 1599 1406 1637 ego,
1453 1599 1525 1624 non
1555 1585 1708 1637 furem,

952 1649 1081 1700 roga]
1137 1647 1180 1685 ‘I
1201 1649 1272 1687 ask
1291 1649 1422 1688 which
1440 1650 1474 1687 is
1494 1650 1563 1688 the
1579 1651 1711 1690 better

950 1711 1052 1756 cook,
1071 1719 1141 1749 not
1157 1710 1276 1763 thiff!
1308 1711 1500 1763 Vulgaris
1519 1713 1584 1752 hic
1601 1714 1711 1766 apud

953 1775 1144 1813 Nostrum
1167 1774 1295 1826 jocus,
1326 1776 1432 1815 unde
1458 1777 1617 1816 videtur
1643 1792 1709 1818 co-

951 1839 1041 1889 quis
1075 1838 1162 1877 istis
1199 1839 1465 1886 conductitiis,
1510 1855 1580 1880 seu
1616 1843 1709 1881 sub-

950 1902 1139 1941 ministris
1156 1917 1307 1950 eorum,
1326 1904 1427 1942 male
1444 1906 1554 1956 apud
1571 1905 1710 1944 domos

950 1965 1096 2004 alienas
1115 1966 1311 2005 creditum
1328 1981 1423 2006 esse.
1475 1968 1579 2007 Vide
1597 1969 1709 2008 Infra

953 2035 1041 2074 317.
1064 2044 1149 2082 sqq.
1202 2031 1348 2070 Pseud.
1368 2038 1501 2079 791-2.

969 2110 989 2122 “
1004 2108 1117 2139 Forum
1134 2109 1305 2148 coquinum
1322 2110 1377 2149 qui
1391 2117 1518 2147 vocant,
1536 2112 1632 2144 stulte
1653 2123 1706 2143 vo-

1064 2164 1157 2189 cant:

1003 2206 1085 2237 Nam
1104 2218 1166 2239 non
1179 2209 1349 2248 coquinam
1363 2216 1421 2248 ost,
1440 2221 1548 2243 verum
1561 2213 1706 2251 farinam

1066 2256 1204 2289 forum.”

1002 2353 1090 2395 279.
1146 2348 1385 2389 Nundinalt’s
1405 2351 1498 2403 est-J
1544 2352 1705 2403 Signifi-

948 2420 1011 2451 cat
1034 2426 1119 2452 esse
1144 2414 1306 2460 malum,
1334 2421 1375 2454 et
1395 2415 1638 2467 imperitum,
1665 2424 1706 2456 et

948 2476 1186 2528 ignobilem:
1211 2478 1353 2518 alludit
1369 2480 1475 2518 enim
1492 2481 1544 2519 ad
1560 2495 1706 2521 nomen

948 2540 1230 2586 nundinarum,
1250 2555 1339 2592 quae
1357 2556 1381 2580 a
1393 2555 1497 2581 nono
1510 2542 1575 2581 die
1589 2543 1706 2582 dictae

950 2609 1055 2648 sunt,
1084 2610 1293 2655 propterea
1318 2605 1426 2654 quod
1449 2618 1540 2643 cum
1566 2605 1703 2645 rustici

948 2665 1033 2704 dies
1063 2673 1152 2705 octo
1179 2680 1271 2705 rure
1301 2667 1343 2705 in
1374 2681 1492 2718 opere
1523 2668 1704 2708 faciendo

950 2731 1091 2768 versati
1116 2738 1257 2775 essent,
1283 2745 1389 2770 nono
1411 2732 1616 2773 in-urbem
1635 2750 1702 2775 ve-

948 2794 1108 2833 niebant
1152 2794 1199 2832 ad
1248 2795 1356 2845 leges
1400 2799 1701 2847 cognoscendas,
1760 2818 1764 2820 ·
