1864 3152
717 263 1119 306 AULULARIA.
1653 267 1706 310 91

257 389 516 438 Strobilum
552 391 707 446 miror,
744 392 826 439 ubi
859 393 937 448 sit,
969 409 1108 456 quem
1145 410 1231 457 ego
1260 410 1338 441 me
1363 396 1597 457 jusseram

250 473 355 521 'Hic
389 474 603 537 opperiri.
674 473 821 523 Nunc
848 492 936 540 ego
969 493 1154 524 mecum
1189 478 1374 540 cogito:-

257 556 311 603 Si
345 556 464 605 mihi
495 557 578 606 dat
612 575 814 622 operam,
850 576 927 607 me
962 559 1034 607 illi
1068 560 1205 608 irasci
1239 561 1469 624 injurium
1501 570 1585 611 est.

259 638 346 686 Ibo
376 640 516 695 intro,
551 641 632 688 ubi
665 640 724 688 de
758 642 911 704 capite
945 658 1052 689 meo
1084 651 1197 690 sunt
1231 644 1435 692 comitia.

587 1030 723 1071 ACT.
761 1030 837 1070 IV.
917 1030 1115 1072 SCENA
1152 1031 1231 1073 IV.

774 1198 1047 1230 STROBILUS.

253 1323 361 1371 Pici
395 1323 592 1380 divitiis,
625 1326 707 1388 qui
738 1342 901 1373 aureos
933 1332 1119 1373 montes
1155 1324 1333 1380 colunt,
1637 1328 1712 1367 655

255 1406 365 1470 Ego
399 1408 523 1455 solus
555 1410 750 1471 supero!
787 1409 916 1457 Nam
952 1410 1067 1457 istos
1103 1426 1238 1473 reges
1271 1415 1449 1456 ceteros

185 1559 210 1594 'v.
227 1569 281 1595 σω.
316 1570 438 1601 Mejun.
455 1576 550 1596 omnes
564 1570 646 1595 codd.
664 1570 717 1595 nisi
731 1571 762 1600 c,
779 1571 852 1596 unde
867 1571 941 1596 abest
955 1577 1004 1597 me.
1038 1572 1211 1603 conjeoenun
1233 1571 1359 1603 equidem
1380 1571 1527 1603 legendum
1548 1577 1613 1601 esse,
1636 1577 1715 1602 quom

118 1612 314 1642 eyojmaeemm
330 1611 376 1636 Me
389 1611 434 1636 hic
447 1617 509 1642 opp.
526 1610 572 1636 sed
588 1613 683 1636 eontra
698 1610 838 1636 nswmm
854 1611 937 1636 fidem
951 1611 1018 1636 nolo
1032 1611 1149 1637 turbam
1183 1612 1318 1638 ceterum
1333 1611 1379 1636 hic
1393 1618 1485 1637 versus
1498 1614 1528 1637 et
1541 1618 1612 1643 wqq.
1630 1617 1716 1643 usque

121 1654 158 1679 ad
173 1661 198 1678 v.
215 1653 270 1683 687,
287 1654 386 1678 absunt
400 1659 418 1678 a
434 1653 464 1678 B.
483 1660 508 1683 a,
533 1652 627 1682 totius,
653 1655 686 1677 ut
701 1652 817 1682 videtur,
840 1652 901 1678 folii
917 1653 1149 1684 jactum—654.
1168 1654 1230 1679 Meo
1244 1645 1502 1684 μονυσυλλάβως
1517 1653 1713 1684 pronuntiand.

121 1697 226 1726 -mnt,
242 1702 338 1721 omnes
353 1694 436 1720 codd.
454 1695 544 1721 Noetr.
561 1698 591 1721 et
604 1695 824 1721 vindm——sss
843 1695 910 1725 Pici,
927 1695 1010 1727 plane
1026 1695 1062 1721 V.
1077 1696 1101 1720 3.
1120 1695 1151 1720 B.
1169 1696 1191 1719 1.
1210 1695 1245 1720 Η.
1259 1695 1282 1719 2.
1294 1696 1317 1719 6.
1335 1697 1363 1720 et
1378 1695 1414 1720 H.
1426 1695 1450 1725 6,
1465 1695 1523 1726 (sed
1537 1695 1630 1721 littera.
1643 1702 1659 1721 ε
1673 1702 1716 1720 su-

121 1738 276 1770 perscripta,
293 1737 370 1769 quasi
383 1740 452 1762 emet
470 1737 549 1766 Picis,
566 1740 598 1763 ut
612 1736 696 1762 edidit
712 1737 773 1764 Bo.)
796 1737 876 1768 cujus
890 1736 1023 1768 glossema
1036 1740 1077 1762 est
1092 1737 1122 1761 in
1137 1743 1227 1768 marg:
1254 1738 1273 1750 ‘¹
1283 1736 1360 1762 Piooc
1375 1738 1478 1762 veteres
1492 1743 1550 1762 esee
1564 1737 1714 1762 voluerunt

120 1786 190 1812 quos
205 1778 290 1804 Greci
306 1778 413 1810 griphus
427 1778 575 1810 appellunt.
608 1777 682 1803 Non.
699 1778 782 1803 Mum.
800 1777 845 1802 all.
863 1777 890 1802 h.
909 1777 947 1803 t.''
962 1780 1004 1803 ωε
1018 1778 1102 1804 etiam
1118 1774 1148 1803 i'n
1164 1778 1198 1803 H.
1212 1779 1235 1808 2,
1257 1778 1344 1809 gloss:
1367 1778 1460 1807 “Pu-i,
1478 1785 1540 1810 quae
1554 1779 1663 1811 griphes
1677 1779 1719 1804 di-

119 1825 230 1852 cuntur,
249 1821 317 1846 δι”
332 1824 361 1846 et
374 1821 413 1846 sic
428 1821 505 1846 Corn.
524 1821 579 1846 Hs.
612 1821 683 1846 Tum
710 1821 745 1845 V.
756 1822 781 1851 2,
808 1821 890 1848 Euri,-
907 1824 936 1846 et
952 1821 985 1846 R.
998 1822 1021 1851 2,
1041 1822 1121 1851 Dici;
1142 1821 1271 1847 mendooe
1286 1824 1410 1853 uterque,
1433 1821 1480 1846 sed
1495 1824 1562 1847 nato
1575 1828 1666 1847 ermre
1679 1829 1715 1848 ex

121 1863 190 1889 Fici.
224 1863 300 1888 Dites
316 1866 362 1893 (ex
377 1862 612 1894 interpretatione)
630 1862 664 1886 V.
679 1863 700 1886 l.
719 1862 750 1887 B.
762 1863 787 1886 2.
804 1862 834 1886 B.
847 1863 873 1887 b.
891 1866 920 1887 et
935 1862 971 1887 Η.
984 1863 1006 1886 1.
1027 1864 1115 1894 (eujus
1129 1862 1159 1887 iu
1174 1869 1258 1894 marg.
1275 1865 1318 1887 est
1329 1862 1388 1888 Pici
1403 1862 1591 1894 adscripmm.)
1610 1863 1715 1889 Divioes

120 1906 170 1936 qm·
195 1904 309 1934 divitiis,
343 1904 372 1928 c.
407 1904 486 1933 rim,
515 1904 547 1928 a
572 1904 593 1928 1.
624 1904 706 1934 Lim,
733 1903 768 1928 Η.
790 1904 814 1928 a.
853 1905 937 1934 eicos,
965 1905 999 1933 A,
1031 1905 1106 1936 quod
1130 1908 1223 1936 aperte
1246 1904 1322 1929 dedit
1352 1904 1484 1934 librarius,
1518 1907 1552 1930 ut
1582 1905 1715 1931 vitaretur

117 1938 352 1974 ἀνακόλουθον,
372 1953 436 1971 cum
451 1946 481 1970 in
499 1948 577 1971 textu
595 1945 727 1971 inveniret
746 1945 823 1973 Pici,-
843 1950 871 1971 et
886 1946 960 1976 hinc,
977 1945 1065 1975 credo,
1077 1946 1168 1972 omnis
1183 1949 1244 1971 orta
1254 1948 1294 1971 est
1309 1945 1461 1971 lectionum
1476 1947 1599 1972 varietas.
1632 1947 1715 1974 caete-

121 1997 185 2015 rum
201 1989 263 2015 vide
277 1989 307 2013 in
322 1988 409 2014 Gioss.

174 2105 264 2145 651.
318 2104 525 2143 Strobilum
550 2106 680 2150 miror,
707 2106 771 2145 ubi
792 2106 881 2158 sit.]
951 2121 1113 2159 prorsus
1127 2108 1315 2160 equidem
1328 2109 1443 2160 perii,
1462 2110 1592 2161 capite
1602 2109 1712 2148 dam-

123 2168 376 2208 Constructio
394 2168 532 2207 eadem
545 2182 635 2220 quae
655 2169 787 2220 Supra
796 2175 882 2215 397.
952 2178 1069 2210 natus
1087 2185 1187 2210 sum.

122 2234 211 2272 624.
268 2233 378 2270 Infra
395 2237 483 2276 754.
521 2232 794 2285 Etjusseram
812 2246 886 2285 pro
1006 2254 1095 2294 655·
1158 2255 1248 2293 Pici
1287 2254 1447 2302 divitiis,
1484 2257 1584 2308 ete]
1645 2257 1712 2296 Ex

110 2295 236 2347 ju⁸⁸i'
256 2303 301 2333 nt
318 2295 360 2332 in
379 2308 415 2332 v·
436 2293 524 2334 634·
946 2319 1139 2358 librorum
1169 2326 1211 2358 et
1234 2320 1453 2358 Msstorum
1477 2321 1711 2360 auctoritate

173 2383 262 2423 654.
322 2382 397 2421 Ubi
415 2382 462 2420 de
479 2383 606 2434 capite
622 2397 700 2422 meo
713 2389 801 2421 sunt
819 2397 878 2422 co-
945 2390 1111 2433 apparet
1129 2383 1193 2421 vel
1212 2382 1300 2421 Pici
1318 2384 1382 2421 vel
1401 2382 1513 2422 Picis
1538 2384 1579 2422 h.
1597 2385 1623 2422 l.
1652 2385 1709 2424 le-

121 2446 268 2499 micia]
331 2446 491 2497 Nempe
508 2447 618 2498 apud
636 2447 880 2486 avunculum
946 2443 1124 2494 gendum
1141 2457 1237 2482 esse.
1292 2444 1347 2482 Sir
1362 2445 1560 2496 posterius
1578 2458 1710 2484 serve-
1740 2451 1742 2453 ’

121 2523 255 2548 meum
291 2508 568 2559 Megadorum,
606 2510 677 2548 ubi
713 2510 765 2548 de
800 2510 884 2548 vita
948 2514 1027 2554 tur,
1055 2507 1131 2545 erit
1154 2507 1402 2545 aecusativus
1426 2520 1501 2558 pro
1519 2507 1636 2546 Pices
1657 2508 1710 2547 ad

123 2586 211 2611 mea
267 2580 308 2611 et
363 2586 434 2624 spe
486 2573 593 2611 omni
650 2574 881 2613 consulitur.
949 2573 1116 2610 verbum
1148 2585 1288 2623 supero
1328 2573 1544 2623 pertinens,
1593 2574 1710 2626 cujus

123 2636 296 2676 ‘Where
323 2635 418 2687 they
440 2650 507 2676 are
533 2637 672 2689 sitting
696 2637 738 2675 in
757 2636 881 2688 judg-
948 2635 1215 2673 nominativus
1241 2634 1320 2672 Pix
1350 2648 1419 2673 seu
1440 2635 1546 2673 Phia
1556 2650 1575 2678 ,·
1604 2635 1709 2689 (Φίξ,

122 2706 232 2738 ment
248 2713 300 2737 on
317 2695 404 2738 me?
459 2701 566 2738 Nam
598 2701 630 2738 si
655 2701 880 2752 judicatum
948 2699 1031 2751 βίξ,
1059 2713 1121 2751 ap.
1143 2698 1340 2750 Hesych.)
1396 2699 1466 2736 Sin
1497 2696 1586 2738 Pic'i
1616 2714 1708 2740 cum

122 2764 243 2803 fuerit
273 2764 386 2802 illum
414 2764 623 2804 Phaedram
652 2766 879 2810 ducturum,
949 2764 1240 2815 antiquioribus
1255 2763 1369 2801 Edd:
1390 2764 1512 2814 legas,
1527 2764 1603 2804 erit
1614 2778 1707 2815 con-
