1826 3164
664 251 1097 293 MENAECHMEI.
1620 253 1675 294 13

564 501 727 550 ACT.
765 503 805 550 Ι.

876 501 1113 551 SCENA
1151 503 1195 551 Ι.

746 654 803 685 PE
808 653 1021 686 NICULUS.

222 750 514 799 JUVENTUS
547 766 718 797 nomen
754 749 867 797 fecit
901 749 1133 797 Peniculo
1162 749 1289 798 mihi

225 834 355 890 Ideo,
389 835 501 899 quia
532 850 759 889 mensam,
793 832 985 898 quando
1019 833 1120 890 edo,
1155 834 1391 900 detergeo.

223 917 471 966 Homines·
491 919 699 983 captivos
733 918 816 983 qui
850 918 1029 966 catenis
1065 918 1295 975 vinciunt,

224 1000 296 1050 Et
330 1003 413 1066 qui
446 1001 663 1067 fugitivis
697 1002 840 1050 servis
874 1001 1051 1050 indunt
1084 1003 1345 1067 compedes,

224 1084 386 1134 Nimis
419 1085 567 1134 stulte
600 1085 783 1134 faciunt
816 1102 921 1134 mea
955 1085 1148 1150 quidem
1184 1088 1447 1136 sententia:
1652 1102 1675 1135 5

225 1168 449 1234 Namque
471 1169 654 1218 homini
677 1171 847 1218 misero
871 1171 911 1218 si
934 1170 995 1218 ad
1019 1170 1196 1219 malum
1221 1171 1402 1220 accedit
1423 1171 1621 1230 malum,

224 1254 381 1318 Major
412 1254 577 1303 lubido
610 1261 683 1303 est
713 1253 877 1319 fugere
908 1262 957 1302 et
991 1253 1142 1303 facere
1175 1255 1425 1320 nequiter:

196 1379 200 1382 Α
224 1335 351 1385 Nam
385 1355 434 1386 se
467 1355 526 1386 ex
560 1338 739 1386 catenis
772 1338 991 1386 eximunt
1026 1337 1185 1402 aliquo
1218 1339 1387 1397 modo;

224 1419 353 1469 Tum
388 1421 641 1486 compediti
673 1437 817 1469 anum
851 1420 968 1469 lima
1000 1429 1263 1486 proterunt,

155 1548 221 1572 ιδ.
255 1547 352 1576 Νἰιΐ.
376 1546 512 1572 Infnlss.
545 1547 610 1571 Mea
627 1545 839 1578 mmoeynabioe
859 1547 1053 1578 pmmmtimd.
1087 1546 1565 1582 lnfi=117.119.-·—7.B.1‚B.e‚
1584 1553 1677 1580 mido.

94 1588 645 1621 -—9.Conpami,ult.syll.nondid.
678 1588 1680 1627 unumquoddnm,habmtn.l‚etnc‚jamn;etpm

91 1633 246 1663 protam-t.
261 1632 436 1663 mmm.

147 1726 182 1759 1.
227 1717 450 1771 Fenicula]
491 1718 603 1757 ‘The
619 1731 760 1770 young
775 1718 848 1757 fel-

92 1784 191 1822 lows
232 1782 491 1822 nick-named
538 1795 603 1820 me
651 1781 849 1821 Sponsa:

94 1847 249 1899 Captiv.
276 1847 319 1885 in
343 1846 431 1885 init,

113 1924 136 1939 “
147 1923 168 1955 J
171 1927 304 1954 uventus
323 1931 438 1953 nomeu
456 1920 568 1952 indidit
587 1926 689 1952 scorto
708 1919 821 1952 mihi.”

145 1990 184 2023 2.
235 1984 411 2023 Mensam
424 1982 633 2035 detergam]
671 1981 764 2021 Hoc
777 1989 849 2029 est,

93 2048 282 2100 detergeo
314 2060 490 2086 mensam
520 2053 711 2098 tanquam
739 2046 849 2098 peni-

94 2110 232 2154 culus.,·
260 2110 419 2161 singula
445 2109 637 2148 nimirum
663 2123 755 2161 quae
780 2123 850 2161 ap-

92 2174 223 2227 posita
254 2174 333 2212 sint
366 2173 562 2211 voraciter
594 2172 849 2211 comedendo.

97 2238 319 2290 Perpetuus
339 2237 449 2289 apud
467 2236 650 2275 Comieos
668 2236 785 2288 jocus
808 2236 851 2274 in

94 2301 328 2341 edacitatem
358 2300 644 2353 parasitorum3
680 2299 852 2351 [Confer

95 2362 188 2404 Ter.
216 2365 324 2403 Eun.
353 2364 457 2403 Prol.
477 2369 540 2404 38.
569 2364 716 2403 Heaut.
744 2363 850 2401 Prol.

97 2429 184 2482 38.]
208 2443 308 2481 quos
328 2435 539 2481 propterea
558 2428 708 2467 Edaces
724 2427 852 2466 nomi-

95 2500 166 2532 nat
191 2493 331 2532 Horat.
357 2492 436 2544 Ep.
462 2491 520 2530 11.
546 2505 573 2530 1.
606 2497 692 2536 173.
743 2491 853 2530 Vide

96 2556 201 2595 infra
219 2562 304 2596 140.
358 2555 467 2594 citat
488 2555 708 2594 Lambinus
728 2555 851 2607 Epid.

102 2623 190 2658 308.

215 2675 323 2694 —“
337 2671 462 2709 Metuo,
481 2671 508 2703 si
525 2681 623 2703 senex
640 2670 808 2708 resciverit,

121 2721 174 2752 Ne
191 2721 292 2753 ulmos
308 2723 455 2762 parasitos
473 2721 579 2758 faciat,
593 2732 664 2760 quae
684 2732 783 2761 usque
803 2728 850 2752 at-

157 2770 342 2802 tondoen1.”

14 2855 22 2864 ·
100 2832 137 2869 h.
150 2846 181 2870 e.
194 2845 243 2871 ne
256 2832 377 2884 virgae
386 2833 525 2873 ulmeae
534 2841 691 2886 tergum
704 2847 850 2878 meum,

915 1726 1107 1770 tanquam
1120 1720 1282 1771 parasiti
1296 1734 1484 1769 mensam,
1496 1726 1678 1765 attonde-

916 1789 997 1827 ant,
1016 1796 1087 1821 seu
1103 1783 1347 1836 detergeant.

969 1896 1005 1930 5.
1060 1889 1189 1929 Nimis
1218 1891 1347 1938 stulte,
1376 1894 1478 1946 etc.]
1530 1896 1679 1937 Confer

915 1954 1126 2006 gemellam
1161 1956 1397 1995 sententiam
1433 1958 1545 2010 apud
1583 1960 1678 2000 Ter.

918 2018 1090 2070 Adelph.
1111 2019 1143 2057 I.
1165 2025 1201 2057 1.
1220 2025 1390 2059 40—48.

916 2096 941 2109 ‘¹
958 2092 1001 2124 Et
1017 2098 1100 2124 errat
1118 2093 1223 2133 longe,
1242 2104 1313 2126 mea
1331 2094 1459 2134 quidem
1478 2098 1644 2136 sententia,

957 2142 1021 2179 Qui
1046 2142 1210 2182 imperim
1240 2144 1348 2176 credat
1377 2145 1502 2183 gravius
1530 2156 1597 2178 ense
1623 2153 1678 2179 aut

993 2191 1147 2230 sabinum,

958 2241 1000 2273 vi
1021 2243 1107 2281 quod
1127 2243 1173 2280 fit,
1196 2253 1292 2282 quam
1313 2243 1407 2280 illud,
1431 2245 1516 2283 quod
1539 2246 1679 2278 amicitia

996 2292 1211 2332 adjungitur.”
1230 2299 1263 2325 et
1280 2303 1350 2333 sqq.

969 2387 1008 2427 6.
1058 2387 1125 2425 Ad?
1147 2387 1288 2427 malum
1318 2389 1465 2427 accedit
1495 2389 1678 2444 malum]

920 2450 1052 2489 Intell.
1088 2450 1134 2489 Si
1167 2459 1315 2503 praeter
1347 2453 1392 2491 id
1423 2453 1532 2499 mali,
1566 2454 1678 2505 quod

917 2514 1100 2566 captivus
1132 2522 1205 2553 aut
1236 2529 1376 2554 servus
1411 2523 1486 2562 est,
1522 2518 1679 2557 aceedit

915 2578 1019 2617 illud
1035 2578 1169 2623 etiam,
1186 2579 1297 2629 quod
1315 2579 1465 2618 catenis
1480 2587 1552 2619 aut
1568 2594 1676 2620 oom-

917 2641 1091 2694 pedibus
1126 2641 1336 2687 vinciatur,
1380 2642 1491 2681 haud
1528 2643 1678 2682 mirum

918 2713 979 2744 est
996 2706 1029 2744 si
1047 2719 1167 2756 quem
1180 2705 1418 2745 conditionis
1430 2712 1511 2745 tam
1527 2707 1678 2759 iniquae

918 2769 1122 2820 paeniteat,
1152 2776 1192 2807 et
1218 2769 1346 2820 magis
1373 2770 1580 2822 magisque
1606 2783 1677 2808 au-

920 2832 1059 2883 fugere
1088 2831 1253 2870 studeat.
