1864 3152
635 238 702 280 IN
738 238 1174 281 MENAECHMOS.
1573 237 1657 281 165

213 379 300 411 223.
366 364 487 431 Illi.]
556 373 709 414 There.
774 378 881 416 vett.
909 391 983 429 pro
1012 376 1099 416 illic.
1154 377 1265 415 Infra
1288 381 1377 423 894.
1428 374 1551 414 Stich.
1573 381 1661 421 439.

141 456 338 493 “Coenem
372 454 429 492 illi
458 455 565 507 apud
595 457 671 494 te.''
726 456 871 508 Amph.
902 462 989 500 817.
1044 456 1217 503 “Quom
1245 455 1303 493 illa·
1333 454 1511 494 censebis
1541 457 1662 493 esse.”

142 531 262 569 Merc.
280 530 342 576 96.
397 535 420 553 “
436 531 544 569 Dum
567 530 626 568 illi
652 532 847 570 ambulo.’'
875 538 963 576 257.
1018 538 1044 554 “
1059 533 1148 582 Ego
1165 532 1223 570 illi
1245 531 1394 582 aspicio
1421 531 1663 570 mulierem.”

142 605 231 642 Ter.
255 605 409 643 Phorm.
439 606 471 644 1.
501 618 547 643 11.
575 602 637 644 41.
692 605 839 643 “Dum
869 606 1051 644 sedemus
1074 605 1167 643 illi?
1223 605 1323 644 Hec.
1350 605 1403 643 V.
1432 618 1498 643 111.
1528 611 1564 645 4.
1590 607 1663 645 &c-

222 738 288 744 —
361 705 629 766 perduint]
692 714 772 752 Pro
784 715 962 766 perdant.
998 715 1127 766 Supra
1143 720 1229 754 184.
1265 713 1377 752 Infra
1389 713 1477 754 356.
1512 713 1663 765 Amph.

140 798 201 834 73.
233 799 256 814 “
270 792 434 830 Deduint
444 795 486 835 ;''
503 794 595 844 (pro
610 792 781 842 dedant.)
810 793 900 831 Ter.
916 793 1075 831 Phorm.
1090 793 1143 831 V.
1157 805 1255 830 vlu.
1270 798 1305 831 4.
1332 798 1358 815 “
1370 792 1571 831 Creduasf’
1589 794 1660 832 &c-

139 866 177 903 V
180 867 244 905 ide
280 866 414 904 Aulul.
444 871 531 906 540.
587 866 715 905 Gloss.
744 867 785 905 in
818 881 902 906 voc.
962 867 1268 906 “Concreduo.'’
1323 868 1504 919 Apparet
1537 868 1662 918 igitur

139 940 258 978 fuisse
284 940 378 977 olim
404 940 545 978 horum
578 942 788 979 verborum
816 941 915 979 duas
941 941 1099 988 formas,
1128 941 1290 980 alteram
1318 954 1390 993 per
1416 955 1473 988 uo,
1500 942 1662 980 alteram

138 1027 209 1064 per
234 1027 256 1052 ο
282 1013 527 1052 declinatam.

156 1165 162 1171 ,
209 1129 297 1162 5225.
362 1118 583 1177 Audin‘.]
642 1123 777 1165 Hark
798 1138 862 1178 με.
922 1129 1108 1168 Audisne.
1165 1129 1222 1167 Ut
1262 1128 1368 1173 νὺν,-
1409 1129 1558 1173 3ιιιῑη’,·
1591 1130 1661 1168 εις.

211 1234 300 1273 226.
364 1228 605 1291 Dudum]
654 1235 764 1276 Just
786 1248 896 1276 now.
958 1239 1165 1291 significat
1185 1240 1438 1279 intervanum
1460 1239 1660 1291 quoddam

136 1316 325 1366 temporis
342 1316 621 1362 minusculum,
645 1330 725 1354 non
743 1317 836 1355 satis
853 1325 1035 1356 accurate
1052 1318 1272 1356 definitum.
1327 1317 1459 1369 Supra
1477 1318 1578 1355 Prol.
1599 1322 1661 1361 57.

209 1427 298 1459 ⁶230.
362 1415 617 1476 Multum]
693 1420 905 1468 Tediou8‚·
941 1422 1251 1475 importunate.
1315 1424 1476 1463 Dicitur
1519 1424 1569 1463 de
1613 1438 1660 1463 eo

137 1502 205 1552 qui
233 1501 401 1539 nimium
428 1502 485 1539 rei
515 1502 634 1540 alicui
665 1509 706 1540 et
732 1502 885 1554 prolixe
916 1516 957 1540 se
987 1502 1180 1554 applicat:
1219 1501 1554 1554 quemadmodum
1585 1502 1661 1541 hoc

136 1576 221 1614 loco
251 1576 409 1614 videtur
435 1575 650 1626 Cylindrus
674 1577 815 1623 faeere,
845 1584 1142 1628 perseveranter
1169 1577 1416 1616 Menaechmo
1442 1576 1659 1615 adhaerens.

138 1651 219 1689 Cic.
249 1651 310 1688 De
336 1651 446 1689 Orat.
466 1651 522 1688 II.
542 1656 603 1695 87.
629 1651 683 1689 ad
685 1653 765 1702 fin.
819 1652 919 1690 “Ne
946 1652 989 1689 in
1011 1665 1054 1690 re
1081 1659 1174 1690 nota
1200 1659 1242 1691 et
1264 1651 1501 1703 pervulgata
1520 1652 1661 1690 multus

136 1734 175 1764 et
202 1725 374 1763 insolens
400 1725 473 1763 sim
484 1727 519 1763 :''
547 1726 820 1776 (wearisome.)
873 1726 1018 1764 Giton:
1048 1727 1158 1765 Lect.
1186 1726 1312 1764 Plaut.
1340 1725 1526 1764 ”Multus
1542 1727 1659 1772 homo,

135 1813 209 1850 pro
232 1800 372 1838 tetrico
397 1813 632 1851 morosoque
658 1807 698 1838 et
720 1800 948 1851 importuno
955 1815 969 1845 ,ς
999 1814 1118 1851 quem
1143 1801 1274 1840 Graeci
1302 1800 1483 1853 φορτικόν
1508 1802 1658 1840 dicunt.

134 1874 273 1912 Afran.
310 1874 419 1925 apud
452 1874 646 1912 Nonium:
691 1874 858 1912 “Multa
895 1888 949 1919 es,
986 1882 1027 1913 et
1061 1875 1225 1913 molesta
1254 1875 1461 1913 multum.”
1516 1875 1661 1914 Catull.

137 1950 212 2000 Ep.
241 1948 373 1987 CXII.
426 1948 618 1987 “Multus
650 1949 770 1987 homo
800 1963 853 1995 es,
887 1950 1028 1988 Naso.’'
1081 1949 1234 1988 Latinis
1260 1949 1400 1987 multus
1431 1963 1586 2002 semper
1616 1951 1659 1988 in

136 2024 277 2062 malam
299 2031 451 2075 partem
479 2038 553 2075 pro
580 2024 779 2062 ardelione
802 2032 1017 2076 usurpatur
1042 2031 1082 2062 et
1112 2031 1279 2076 satageo.
1334 2025 1426 2063 Tac.
1451 2025 1558 2064 Hist.
1577 2025 1659 2064 111.

138 2104 199 2137 52.
252 2098 445 2136 “Nimius
467 2099 550 2149 jam
577 2098 811 2137 Antonius.''
837 2099 879 2149 (i.
897 2113 930 2137 e.
957 2112 1036 2137 non
1064 2099 1263 2144 serendus,
1291 2085 1608 2152 inkolerabilis.)“

221 2224 286 2229 -
357 2189 624 2253 Odjosum‚]
686 2197 939 2243 Vexatiouae
973 2198 1262 2238 troublesome.
1328 2203 1438 2240 Infra
1455 2208 1542 2242 404.
1570 2208 1660 2247 783.

136 2278 296 2316 curcul.
315 2284 350 2322 7.
406 2278 510 2316 Pers.
529 2283 617 2317 234.
664 2277 806 2316 Pseud.
824 2283 887 2317 28.
904 2279 976 2317 &c.
1021 2279 1070 2316 In
1088 2278 1248 2317 Curcul.
1270 2285 1355 2325 195.
1402 2286 1428 2302 “
1441 2279 1575 2318 Odium
1594 2294 1660 2318 me

138 2365 252 2390 vocas
262 2354 304 2390 ?''
351 2353 490 2403 (Angl.
518 2366 543 2390 a
568 2352 683 2403 bore.)
739 2353 830 2391 Ter.
856 2352 1012 2391 Phorm.
1031 2353 1082 2391 V.
1100 2366 1178 2391 vn.
1198 2359 1259 2391 44.
1325 2354 1408 2392 “Si
1432 2368 1551 2405 porro
1574 2368 1660 2393 esse

135 2425 252 2465 odiosi
276 2427 476 2478 pergitis.”
530 2426 685 2464 Phaedr.
705 2426 801 2465 Fab.
822 2426 877 2465 11.
897 2439 935 2464 v.
955 2434 991 2466 4.
1044 2428 1340 2466 “Ardelionum
1369 2429 1493 2466 natio.
1508 2459 1517 2466 .
1533 2457 1559 2466 ..
1573 2429 1657 2468 Sibi

137 2500 299 2539 molesta
333 2509 373 2539 et
405 2502 492 2540 aliis
526 2500 798 2539 odiosis-sima?
850 2501 933 2540 Cic.
963 2503 1048 2540 Att.
1079 2502 1129 2540 X.
1164 2509 1222 2546 17.
1250 2503 1335 2541 init.
1388 2503 1658 2555 “Lippitudo‚

136 2588 216 2611 non
258 2575 324 2613 illa
365 2576 525 2626 quidem
555 2574 791 2628 perodiosa.'’
843 2574 957 2628 (very
988 2577 1221 2629 annoying.)
1285 2577 1349 2616 De
1383 2578 1659 2618 terminatione

65 2688 76 2697 ,
138 2650 349 2688 verborum
374 2651 416 2688 in
443 2665 544 2696 osus,
571 2650 784 2701 Nigidium
812 2651 908 2690 citat
926 2653 978 2689 A.
1004 2652 1107 2690 Gell.
1133 2653 1203 2690 IV.
1233 2665 1293 2691 ix.
1345 2653 1468 2693 ”Hoc
1492 2653 1658 2692 inclina-

135 2732 313 2763 mentum
342 2725 612 2776 hujuscemodi
645 2726 867 2771 verborum,
905 2734 950 2764 ut
976 2725 1140 2772 vinosus,
1171 2727 1406 2773 mulierosus,
1433 2742 1658 2773 nummus,

138 2800 268 2850 signat
293 2800 438 2852 copiam
458 2802 647 2852 quandam
674 2801 898 2840 immodicam
918 2802 987 2845 rei,
1017 2815 1135 2852 super
1157 2816 1235 2853 qua
1256 2802 1444 2842 dicitur.“
1497 2804 1660 2851 Quibus
