1864 3152
740 267 1139 310 AULULARIA.
1679 270 1735 312 49

282 399 376 447 Sed
410 399 526 463 quid
559 398 648 446 hoe
678 398 893 447 clamoris
926 399 1076 446 oritur
1107 396 1224 445 hinc·
1252 414 1312 446 ex
1344 400 1609 462 proxumo?

279 481 395 531 Coei
428 482 598 538 hercle,
630 483 780 538 credo,
814 482 999 531 faciunt
1030 483 1236 531 officium
1271 500 1418 532 suom.

280 564 489 630 Fugiam
523 567 675 614 intro:
707 583 767 614 ne
797 564 915 629 quid
948 566 1097 613 turbae
1129 565 1299 614 itidem
1332 564 1411 615 hic
1444 566 1530 614 fiat
1562 564 1698 614 mihi.

605 923 742 964 ACT.
779 923 872 964 ΙΙΙ.

939 923 1136 965 SCENA
1169 923 1249 965 VI.

818 1058 1045 1092 CONGRIO.

276 1156 448 1220 Optati
473 1159 608 1214 cives,
635 1159 896 1223 populares,
922 1160 1099 1216 incolae,
1127 1159 1306 1215 accolae,
1338 1158 1529 1206 advenae
1551 1173 1731 1212 omnes,

279 1240 412 1289 Date
455 1243 595 1298 viam,
647 1259 741 1306 qua
787 1242 950 1307 fugere
999 1243 1170 1291 liceat!
1218 1243 1360 1290 facite
1402 1248 1514 1289 totae
1558 1240 1727 1304 plateae

471 1332 667 1388 pateant
687 1329 695 1373 !

1652 1329 1725 1369 361

203 1472 298 1497 ww.
317 1471 455 1503 Impune
479 1472 548 1497 v.2.
573 1472 771 1498 habmtetiam
791 1473 903 1498 11.2.5.
926 1473 1031 1498 sedhic
1051 1473 1295 1506 nanzposito.flat
1314 1473 1729 1503 autemnametNoen-.et

144 1513 244 1538 vindd.
263 1513 405 1543 Bozfimt,
421 1513 645 1539 demo—mo.
666 1514 766 1545 Ορωᾶ,
783 1514 976 1539 omnesCodd.
995 1517 1022 1538 et
1038 1514 1087 1538 Ed.
1107 1513 1196 1539 Princ.
1228 1514 1387 1545 conjecerat
1403 1513 1460 1538 Bo:
1480 1514 1587 1543 obduci,
1604 1514 1668 1539 h.e.
1685 1515 1727 1540 ob-

141 1554 618 1586 &maacsssednilopua—ffl.
638 1556 735 1586 Quam,
754 1555 822 1580 ΒΛ.
840 1556 912 1580 etc.
946 1556 1134 1587 Reliquiquu.

193 1668 282 1703 358.
336 1663 503 1701 Faciunt
548 1663 708 1714 officium
754 1665 897 1716 suom]

140 1726 277 1771 Verte,
297 1732 310 1748 ‘
319 1726 403 1764 Are
417 1727 519 1765 after
536 1727 639 1764 their
649 1726 715 1764 old
723 1728 897 1778 pranks.’

141 1788 173 1825 F
177 1788 341 1835 urando,
372 1788 453 1827 scil.
478 1796 518 1827 et
540 1789 746 1840 litigando.
792 1790 897 1828 Con.

139 1850 219 1889 Ms.
239 1850 460 1902 Condigne,
475 1859 515 1890 et
531 1866 640 1890 more
659 1866 731 1890 suo
747 1859 896 1903 agunt:

140 1913 232 1951 Hoc
259 1927 376 1952 sensu
393 1914 502 1952 haud
520 1914 642 1954 semel
663 1915 772 1966 apud
789 1915 897 1953 Nos-

136 1984 246 2015 trum
256 1977 341 2016 haec
351 1977 506 2029 phrasis
516 1985 743 2030 usurpatur.
781 1978 895 2016 conf.

138 2037 283 2076 Pseud.
336 2045 425 2084 913.
509 2039 591 2078 Ubi
645 2039 896 2091 Sycophanta

138 2101 304 2140 Simmia
327 2116 351 2140 a
383 2102 576 2157 Pseudolo
606 2103 811 2154 quaeritur,

138 2178 196 2209 Ps.
217 2181 238 2194 “
250 2178 346 2214 Hem,
358 2177 499 2210 tehercle
506 2189 564 2217 ego
576 2177 872 2217 circumspectabam
884 2189 891 2207 ε

273 2229 366 2260 nimis
376 2230 553 2261 metuebam
566 2230 661 2267 male,
675 2240 714 2260 ne
727 2229 854 2260 abisses.

139 2282 172 2312 S.
227 2280 303 2311 Fuit
323 2291 418 2310 meum
447 2280 591 2321 officium,
617 2286 654 2311 ut
675 2279 822 2315 facerem,
849 2279 894 2310 fa-

271 2330 372 2361 teor.”

136 2393 307 2444 Nempe,
326 2399 373 2430 ut
389 2393 633 2443 aufugerem.
688 2392 757 2438 Et,
780 2391 893 2430 Asin.

137 2456 227 2495 361.
291 2457 439 2504 “Quin
470 2461 567 2494 tuom
601 2455 760 2506 officium
780 2454 895 2506 facis

136 2533 247 2570 ergo,
274 2533 320 2559 ac
336 2520 445 2571 fugis
455 2521 497 2558 ?”

189 2601 277 2642 359.
308 2595 487 2649 Τιινὸιε.]
507 2596 772 2635 ‘Confusion.'
789 2596 893 2634 Tur-

135 2659 318 2698 bationis.
346 2659 485 2711 Supra.
501 2659 591 2706 296.

189 2743 243 2750 —
273 2721 391 2774 Hie]
435 2722 555 2760 Domi
582 2729 766 2767 nostran·
786 2720 895 2772 apud

138 2783 414 2835 Megadorum.

276 2874 286 2898 C

1017 1663 1105 1703 360.
1162 1662 1298 1715 optati
1311 1663 1424 1709 cives,
1444 1664 1545 1715 etc.]
1594 1663 1727 1715 optati

965 1727 1070 1765 valet
1096 1727 1136 1764 h.
1155 1727 1182 1764 l.
1209 1727 1421 1778 implorati,
1454 1726 1595 1777 rogati.
1633 1726 1727 1764 Nisi

964 1792 1078 1830 malis
1107 1805 1199 1830 cum
1236 1791 1405 1830 Bono
1441 1790 1583 1829 Obdati
1609 1804 1727 1842 repo-

963 1867 1058 1893 nere
1069 1870 1082 1900 ,-
1121 1853 1225 1892 Vide
1258 1854 1369 1892 Nott.
1400 1854 1514 1892 Critt.
1567 1852 1726 1904 Hujus-

963 1923 1071 1960 modi
1092 1935 1218 1961 scenae
1235 1922 1383 1973 passim
1401 1921 1511 1973 apud
1527 1921 1725 1960 Nostrum

963 1993 1190 2032 occurrunt,
1230 1998 1403 2036 quorum
1436 1985 1610 2037 plurima
1655 1998 1724 2024 ex-

963 2050 1094 2102 empla
1122 2050 1290 2089 contulit
1318 2049 1452 2088 Bora.
1482 2049 1629 2101 quibus
1652 2049 1723 2088 ad-

962 2115 1043 2152 das.
1098 2114 1205 2152 Rud.
1235 2119 1323 2160 519.
1352 2127 1462 2165 seqq.

961 2197 1025 2228 Tu.
1046 2199 1069 2214 ‘¹
1081 2197 1177 2235 Proh,
1191 2197 1387 2235 cyrenenses
1401 2196 1721 2248 popnlaroe‚vostram

1115 2258 1173 2286 ego
1186 2247 1319 2286 imploro
1332 2247 1443 2278 fidem!

1059 2297 1227 2336 Agricolae,
1252 2297 1381 2334 accolae,
1397 2296 1564 2335 propinqui
1577 2295 1633 2334 qui
1648 2296 1722 2327 estis

1114 2345 1163 2377 his
1176 2345 1365 2384 regionibus,

1060 2397 1150 2428 Ferte
1163 2407 1254 2436 opem
1275 2396 1403 2436 inopiae,
1425 2402 1518 2435 atque
1539 2396 1720 2435 exemplum

1114 2457 1293 2486 pessumum
1306 2447 1504 2485 pessumdate
1515 2446 1550 2475 !”

962 2523 1053 2561 Ter.
1072 2520 1246 2572 Adelph.
1267 2520 1323 2558 ΙΙ.
1343 2533 1372 2557 1.
1395 2526 1428 2558 1.

960 2600 982 2613 “
998 2597 1149 2634 Obsecro,
1171 2595 1352 2634 populares,
1383 2594 1460 2626 ferte
1486 2594 1598 2626 misem
1623 2599 1722 2633 atque>

1034 2645 1192 2677 innocenti
1211 2643 1398 2676 auxilium.’'

962 2718 1025 2756 De
1045 2717 1176 2755 Metro
1195 2715 1413 2754 Trochaico
1425 2714 1469 2752 in
1487 2714 1614 2754 Scena
1626 2715 1725 2754 Mo-

962 2781 1062 2819 toria
1079 2786 1283 2831 usurpato,
1301 2777 1404 2816 Vide
1423 2778 1530 2816 Men.
1547 2782 1638 2823 913.
