1864 3152
720 258 1117 301 AULULARIA.
1656 258 1715 300 23

139 389 250 437 ΜΕ.
266 389 403 447 Quid
426 396 480 437 tu
501 389 625 438 solus
648 395 803 437 tecum
827 388 1016 452 loquere
1030 391 1053 437 ?

820 470 920 520 En.
955 470 1119 520 Meam
1143 471 1412 535 pauperiem
1434 487 1712 535 conqueror:

269 554 522 620 Virginem
560 554 708 604 habeo
744 555 986 618 grandem,
1023 555 1135 604 dote
1168 571 1343 603 cassam
1379 563 1522 619 atque
1554 555 1713 603 illoca-

464 637 608 686 bilem
625 655 638 694 ;

269 720 440 785 Neque
462 737 565 769 eam
588 738 707 785 queo
729 721 880 769 locare
902 722 1134 785 cuiquam.

598 804 709 851 ME.
733 802 887 861 Tace3
919 804 1095 852 bonum
1119 805 1331 853 animum
1354 804 1490 862 habe,
1514 804 1714 854 Euclio:

271 884 513 934 Dabitur:
550 885 830 950 adjuvabere
865 903 894 934 a
928 903 1018 934 me.

466 969 656 1032 impera.

1088 886 1203 944 Dic,
1239 889 1279 936 si
1314 888 1430 951 quid
1462 905 1580 953 opus
1613 894 1712 944 est3

1644 981 1717 1014 150

139 1051 239 1099 EU.
267 1050 413 1100 Nunc
450 1053 589 1116 petit,
626 1070 766 1117 quom
800 1053 1073 1117 pollicetur;
1120 1052 1276 1102 inhiat
1315 1070 1497 1109 aurum,
1543 1061 1599 1102 ut
1636 1054 1717 1102 de-

469 1142 599 1184 voret
613 1152 627 1192 ς

270 1217 446 1266 Altera
479 1235 624 1267 manu
653 1218 745 1267 fert
777 1219 999 1283 lapidem,
1034 1237 1201 1284 panem
1237 1227 1444 1269 ostentat
1477 1220 1638 1269 altera.

271 1300 470 1349 Nemini
505 1302 653 1360 credo,
689 1304 770 1367 qui
800 1303 929 1368 large
963 1304 1163 1352 blandus
1198 1312 1269 1352 est
1300 1305 1430 1353 dives
1462 1305 1686 1368 pauperi:

272 1383 377 1432 Ubi
414 1401 608 1433 manum
650 1386 806 1449 injicit
844 1387 1063 1451 benigne,
1100 1388 1167 1435 ibi
1201 1395 1365 1435 onerat
1398 1386 1605 1451 aliquam
1642 1405 1719 1436 za-

467 1468 626 1516 miam.

202 1616 226 1633 v.
246 1610 296 1634 149.
332 1611 410 1640 Quen,
432 1609 471 1635 ita
486 1610 534 1634 Ed.
555 1610 644 1635 Ptine.
662 1611 730 1636 Tres.
750 1611 832 1636 vind.
855 1615 884 1637 et
904 1612 994 1637 Nostri
1015 1619 1110 1637 omnae
1126 1613 1209 1638 eodd,
1228 1616 1324 1645 praeter
1339 1614 1374 1638 H.
1387 1614 1409 1639 4.
1421 1615 1445 1640 6.
1463 1618 1490 1640 et
1506 1616 1540 1639 A.
1558 1615 1607 1641 ubi
1620 1618 1662 1641 est
1676 1609 1717 1647 ᾧ.

142 1650 198 1674 Βο;
214 1656 283 1681 quo:
306 1650 351 1675 sed
366 1657 445 1675 semu
461 1650 552 1675 minus
568 1654 641 1682 apto.
671 1652 813 1683 cuiquam,
834 1652 926 1677 decem
944 1652 1026 1678 codd.
1046 1653 1078 1678 B.
1098 1654 1121 1683 2,
1138 1654 1277 1685 quiquam.
1296 1654 1351 1679 Bo:
1373 1655 1528 1687 quoiquam.
1561 1656 1613 1681 Sex
1633 1657 1717 1682 Oodd.

139 1692 199 1716 bon.
216 1698 255 1716 an
265 1692 324 1716 hab.
342 1691 415 1723 quod
429 1691 464 1716 aad
480 1691 640 1723 rhythmum
653 1692 757 1718 melius.
776 1693 831 1718 Bo:
846 1694 906 1719 bon.
921 1694 981 1719 hab.
993 1696 1156 1720 ‹zm—150.
1176 1695 1372 1721 Pronuntiand.
1389 1699 1478 1728 opust,
1494 1700 1526 1723 ut
1539 1698 1654 1724 etlnfxa
1663 1700 1719 1729 153,

140 1733 284 1759 blandum
301 1735 329 1758 et
340 1733 378 1758 ita
391 1732 495 1764 scripsit
507 1733 672 1758 Bo.——151.
691 1735 759 1760 Octo
773 1735 856 1760 eodd.
868 1736 1055 1761 σωκ-153.
1073 1736 1108 1761 Η.
1120 1738 1143 1761 4.
1161 1737 1258 1762 blande
1270 1738 1365 1769 laryue
1375 1739 1538 1764 est—164.
1556 1739 1624 1766 octo
1634 1740 1719 1766 eodd.

140 1774 226 1799 inicit.
260 1773 332 1804 Duo,
353 1774 388 1799 Η.
405 1775 429 1799 3.
450 1774 481 1799 Β.
499 1775 521 1799 1.
539 1775 636 1801 iniicit.
654 1779 681 1801 et
698 1775 732 1800 Η.
749 1777 773 1800 2.
791 1778 815 1806 4,
837 1783 885 1808 per
899 1777 1032 1802 incuriam
1048 1778 1186 1804 scribentis
1201 1778 1297 1810 inijcit.

197 1900 281 1934 150.
321 1895 517 1948 Impera]
551 1901 562 1919 ‘
577 1898 795 1936 Command
812 1900 898 1936 mel

142 1957 276 2009 Supra
296 1964 381 1997 102.

197 2055 283 2089 151.
327 2050 355 2087 I
355 2050 464 2088 nhiat
475 2053 649 2104 aurum]
678 2053 766 2091 ‘He
777 2067 899 2105 gapes

142 2115 245 2153 aster
267 2129 337 2166 my
353 2116 472 2167 gold.’
527 2117 748 2156 Translatio
768 2126 827 2157 est
848 2120 898 2157 ab

142 2178 377 2216 animalibus
395 2179 602 2230 rapacibus
620 2187 660 2219 et
677 2182 896 2227 voracibus,

144 2258 234 2295 quae
261 2257 328 2283 ore
349 2244 483 2283 hiante
506 2252 546 2284 et
566 2253 726 2298 patente
752 2247 898 2298 praedae

142 2308 362 2346 imminent.
418 2309 553 2347 Lffln.
608 2310 718 2348 Infra
735 2316 823 2349 223.

193 2413 248 2422 —-·
305 2391 357 2430 Ut
388 2391 572 2445 devoret.]
626 2394 735 2432 Hinc
765 2402 900 2434 contra

143 2458 240 2489 ortae
265 2452 483 2492 locutiones
508 2452 661 2505 ἐξεμεῖν,
693 2456 899 2508 Aristoph.

145 2515 252 2566 qu.
274 2521 385 2554 1148.
411 2517 532 2568 Angl.
572 2524 583 2540 ‘
599 2518 660 2556 To
677 2519 900 2571 disgorge3'

145 2584 186 2616 et
230 2578 491 2630 “Argentum
541 2595 683 2620 vomere
690 2584 732 2625 ,·''

146 2641 235 2685 685,
262 2642 333 2680 διο.

203 2732 287 2765 152.
342 2727 475 2766 Altera
494 2743 608 2768 manu
617 2731 707 2782 fert
725 2731 901 2784 lapidem,

147 2789 246 2839 etc.]
302 2789 575 2838 Proverbium,
614 2794 688 2843 (ait
726 2795 903 2845 Emsu.)

782 2582 899 2622 Cure.

964 1899 1006 1937 in
1042 1913 1120 1944 eos,
1152 1901 1254 1951 ”qui
1285 1914 1416 1940 coram
1446 1902 1721 1949 blandiuntur,

965 1962 1065 2001 clam
1096 1964 1377 2003 obtrectantes:
1413 1965 1544 2016 palam
1574 1966 1723 2005 amicos

965 2033 1101 2076 agunt,
1130 2026 1353 2065 clanculum
1370 2035 1536 2074 nocent3
1564 2036 1635 2067 aut
1651 2030 1721 2080 qui

966 2089 1031 2127 hic
1054 2097 1234 2140 prosunt,
1258 2090 1339 2129 illic
1358 2091 1521 2130 laedunt.
1574 2091 1724 2131 Trans-

964 2152 1088 2190 latum
1118 2153 1168 2190 ab
1196 2153 1257 2199 iis,
1288 2154 1359 2204 qui
1387 2167 1502 2193 canes
1528 2161 1725 2193 ostentato

963 2230 1066 2268 pane
1086 2216 1305 2268 pelliciunt,
1334 2218 1478 2257 deinde
1499 2219 1721 2258 accedenti-

965 2281 1042 2318 bus
1069 2294 1206 2318 saxum
1234 2281 1436 2320 illidunt.“
1489 2282 1612 2320 Haud
1638 2295 1722 2320 om·

965 2343 1061 2381 nino
1086 2343 1242 2382 abludit
1267 2344 1378 2383 locus
1405 2345 1447 2382 in
1480 2345 1581 2383 Nov.
1616 2345 1723 2384 Test.

967 2406 1007 2445 S.
1027 2407 1125 2446 Luc.
1151 2420 1236 2459 cap.
1257 2420 1315 2446 xx.
1337 2414 1395 2447 12.

1022 2487 1106 2520 154.
1162 2481 1307 2520 Onerat
1329 2482 1498 2535 aliquam
1525 2482 1724 2536 zaraiam]

968 2544 1142 2583 ‘Inflicts
1186 2559 1293 2584 some
1335 2545 1525 2597 damage.’
1588 2546 1724 2585 Detri-

968 2615 1147 2647 mentum
1165 2609 1327 2659 aliquod
1350 2609 1482 2647 infert.
1535 2610 1722 2649 Graecum

970 2672 1117 2718 Ζημὶαν,
1150 2671 1295 2710 Dorice
1331 2672 1481 2719 Ζαμὶαν,
1515 2687 1581 2725 qu.
1614 2674 1722 2712 Mul-

969 2740 1061 2778 tam,
1081 2733 1282 2778 damnum,
1308 2741 1349 2772 et
1367 2733 1495 2772 simill.
1515 2735 1724 2785 significat.

971 2795 1076 2834 Vide
1095 2795 1222 2834 Gloss.
