1864 3152
695 317 1103 359 AULULARIA.
1632 317 1688 357 55

233 448 343 494 Non
367 446 511 494 fissile
540 444 735 493 haberes
758 452 915 509 caput.

988 444 1170 492 Merito
1192 444 1243 492 id
1266 444 1357 492 tibi
1383 442 1564 492 factum
1588 445 1690 491 est!

233 530 379 578 Adeo
400 538 458 577 ut
481 535 537 577 tu
557 545 712 576 meam
736 529 1023 577 sententiam
1041 531 1144 592 Jam
1166 545 1356 576 noscere
1378 528 1554 592 possis:
1613 537 1691 579 395

236 613 289 660 Si
323 612 384 660 ad
410 615 606 676 januam
642 610 735 659 huc
769 611 1027 667 accesseris,
1060 612 1155 659 nisi
1182 613 1380 674 jussero,
1412 610 1620 675 propius,

236 696 348 758 Ego
382 702 431 743 te
465 695 648 750 faciam,
679 695 987 742 miserrumus
1018 694 1231 742 mortalis
1263 695 1339 743 uti
1371 695 1447 742 sis.

238 779 339 826 Scis
354 763 463 841 jam
481 795 635 826 meam
659 779 945 826 sententiam
959 780 983 826 Ρ

943 859 1037 909 Co.
1063 860 1176 916 Quo
1199 861 1334 909 abis?
1361 861 1463 910 redi
1483 862 1692 910 rursum!

238 943 318 992 Ita
349 961 426 992 me
460 945 580 992 bene
613 952 741 992 amet
777 944 1012 1001 Lavema‚
1044 952 1093 992 te
1120 946 1238 1007 jam,
1269 945 1363 992 nisi
1393 945 1530 993 reddi

237 1028 371 1076 Mihi
404 1046 515 1077 vasa
541 1030 697 1093 jubes,
730 1029 895 1094 pipulo
927 1028 1007 1077 hic
1034 1029 1246 1077 differam
1283 1036 1399 1078 ante
1432 1029 1581 1077 aedes!
1616 1040 1696 1074 400

166 1193 191 1210 v.
208 1187 262 1211 194.
296 1186 386 1212 Habet
402 1187 432 1212 in
449 1194 532 1219 marg.
552 1188 588 1218 A,
596 1187 733 1220 fractum,
750 1191 783 1213 ut
796 1188 874 1220 glum.
891 1187 922 1212 in
937 1194 1031 1213 vocem
1047 1186 1102 1211 hoe
1117 1192 1195 1211 sensu
1209 1185 1376 1215 inusitatam,
1387 1185 1480 1216 fissae.
1498 1191 1548 1216 pro
1560 1191 1614 1216 qm
1629 1184 1697 1210 dant

109 1229 236 1254 nonnulli
254 1229 383 1254 mendose
396 1230 600 1261 ωλι-ἐῢ.
610 1231 730 1261 jus-nero,
751 1230 835 1256 codd.
862 1230 918 1256 Bo:
926 1230 1116 1262 ,itura—'him
1135 1229 1283 1261 promtius,
1305 1228 1407 1254 habent
1428 1228 1456 1252 C.
1474 1227 1511 1253 Η.
1527 1228 1551 1253 6.
1571 1230 1600 1253 et
1618 1227 1652 1253 R.
1670 1228 1693 1252 1.

104 1277 222 1301 quorum
241 1270 277 1296 Η.
289 1271 313 1300 6,
332 1271 435 1303 prebet
450 1272 529 1304 glos.
546 1274 673 1304 pacatum,
695 1272 724 1297 in
741 1279 824 1304 marg.
842 1272 1092 1301 additum—397.
1111 1271 1154 1297 Ita
1170 1271 1241 1296 Mes.
1271 1271 1327 1296 Bo:
1343 1270 1456 1303 eyosac.
1472 1271 1621 1296 oe-——aea
1639 1270 1696 1296 Bo:

104 1314 426 1343 &amnicis-iratae·-
459 1316 990 1342 Abnsiwommmcodd—wo.
1010 1314 1238 1347 Pipuloltoedfflt
1256 1313 1339 1339 codd.
1373 1313 1575 1344 Emmau-

105 1422 281 1474 positum
295 1437 307 1468 ;
333 1436 426 1461 nam
443 1423 597 1462 invenit
614 1438 707 1462 eum
726 1425 868 1463 Euclio

105 1499 179 1536 per
229 1486 397 1537 angulos
448 1486 559 1538 ligna
611 1494 867 1538 quaerentem.

107 1549 211 1587 Con.
242 1548 325 1587 Ms.
359 1549 402 1587 Si
432 1549 484 1588 ad
507 1550 642 1588 focum
671 1551 869 1602 coquendi

107 1625 225 1650 causa
241 1619 438 1651 restasses.
468 1611 579 1653 Hinc
590 1622 755 1665 apparet
769 1614 869 1653 duos

106 1675 229 1713 fuisse
254 1676 362 1714 focos
381 1676 490 1727 apud
518 1677 622 1716 aedes
652 1678 867 1724 Euclionis,

107 1737 277 1775 alterum
296 1738 339 1776 in
353 1739 496 1784 culina,
516 1739 685 1778 alterum
702 1740 743 1778 in
756 1741 869 1786 atrio,

107 1799 178 1837 ubi
203 1799 293 1837 aula
319 1801 406 1838 auri
434 1801 552 1852 plena
580 1801 759 1853 deposita
786 1809 846 1841 est
856 1818 869 1849 ,-

113 1863 286 1914 priorem
304 1864 429 1915 igitur
447 1865 636 1916 intelligit
653 1865 809 1904 Euclio.

162 1945 249 1985 394.
290 1937 520 1987 Nonfissile
537 1938 697 1977 haberes
713 1939 868 1991 caput]

110 2006 124 2023 ‘
136 2001 225 2039 You
250 2000 386 2038 would
411 2007 483 2038 not
506 2000 608 2039 bave
634 2008 705 2051 got
730 2015 754 2039 a
776 2002 867 2039 bro-

109 2062 190 2100 ken
210 2062 337 2101 head!
389 2062 522 2114 Caput
542 2063 716 2101 fustibus
739 2064 869 2102 conci-

111 2137 199 2162 sum
217 2138 263 2162 ac
276 2124 448 2162 fractum
465 2137 545 2161 non
563 2124 741 2169 haberes,
761 2125 871 2175 quod

109 2201 218 2226 nunc
242 2188 385 2226 merito
405 2188 480 2226 tibi
500 2188 651 2227 factum
670 2196 740 2227 est.
795 2189 870 2227 Su-

110 2263 184 2301 pra
211 2255 298 2289 380.
345 2251 544 2289 Caeterum
573 2251 623 2289 de
639 2252 772 2302 fissile
797 2265 871 2304 pro

98 2313 257 2362 fissum,
287 2312 391 2350 Vide
411 2312 540 2351 Gloss.

165 2392 254 2432 397.
309 2386 395 2438 Ego
394 2385 551 2438 faciam
569 2392 617 2432 te,
638 2388 738 2439 etc.]
793 2389 872 2426 Lo-

113 2450 221 2492 cutio
255 2449 406 2501 duplex
441 2451 650 2501 permixta,
692 2465 782 2502 quae
817 2453 873 2491 sic

112 2512 385 2563 distinguitur,
419 2512 509 2563 Ego
535 2521 576 2551 te
598 2512 741 2551 faciam
767 2526 872 2552 mor-

112 2576 253 2614 talium
278 2576 456 2614 omnium
482 2590 567 2615 esse
593 2577 872 2623 miserrimum,

114 2638 191 2684 vel,
221 2639 310 2689 Ego
327 2639 470 2678 faciam
488 2646 534 2678 ut
556 2647 601 2679 tu
622 2641 675 2679 sis
693 2642 874 2680 omnium

114 2700 342 2738 mortalium
354 2701 608 2742 miserrimus.
640 2703 777 2743 Lana.
810 2704 875 2743 Ita

115 2764 229 2802 Infra
245 2762 334 2803 651.
354 2769 442 2807 754.

168 2842 257 2883 399.
312 2836 530 2890 Lauerna]
595 2840 713 2881 Hanc
749 2842 875 2880 Deam

937 1424 1103 1463 Romani
1126 1424 1235 1462 fures
1256 1423 1534 1474 precabantur,
1562 1428 1609 1460 ut
1634 1421 1697 1459 in-

936 1489 1074 1526 stituta
1100 1501 1171 1526 sua
1198 1494 1239 1526 et
1267 1485 1430 1525 consilia
1459 1485 1622 1524 furandi
1649 1498 1697 1524 ac

935 1550 1152 1590 mentiendi
1170 1551 1401 1589 fortunaret.
1457 1549 1547 1587 Hor
1565 1549 1642 1601 Ep.
1663 1549 1697 1587 I.

936 1628 1026 1653 ΧΠ.
1045 1614 1109 1654 60.

937 1685 959 1699 “
976 1683 1078 1714 Labra
1090 1687 1195 1713 movet
1207 1687 1349 1713 metuens
1364 1680 1477 1716 audiri,
1499 1680 1619 1712 Pulcra
1632 1680 1697 1711 La-

1034 1742 1141 1767 verna,

978 1781 1032 1812 Da
1059 1780 1137 1812 mihi
1164 1780 1293 1819 fallere3
1335 1780 1377 1811 da
1408 1779 1493 1818 justo
1524 1784 1699 1818 sanctoque

1035 1831 1150 1870 videri3

977 1883 1114 1915 Noctem
1128 1883 1279 1922 peccatis,
1297 1887 1330 1914 et
1346 1881 1506 1913 fraudibus
1518 1880 1619 1920 objice
1637 1891 1698 1912 nu·

1033 1933 1138 1965 bem.''
1559 1931 1658 1962 Scn..

936 1993 1142 2045 Significat
1160 2000 1293 2032 autem
1311 2006 1460 2044 coquos
1480 2005 1615 2031 omnes
1632 1991 1699 2030 fu-

935 2071 999 2096 res
1023 2071 1120 2103 esse,
1154 2058 1304 2108 quippe
1332 2070 1503 2108 quorum
1533 2057 1621 2095 Dea
1647 2055 1701 2094 sit

914 2121 1118 2174 ‚Laverna
1128 2135 1141 2166 3
1187 2133 1268 2158 non
1302 2119 1409 2158 enim
1444 2133 1531 2158 eam
1569 2119 1699 2157 Deam

938 2184 1013 2222 sibi
1031 2183 1244 2235 propitiam
1258 2197 1342 2222 esse
1359 2189 1515 2234 optaret
1532 2195 1699 2233 coquus,

937 2248 1014 2286 nisi
1037 2261 1083 2287 ea
1104 2255 1340 2299 potestatem
1364 2248 1407 2285 in
1424 2248 1534 2289 fures
1557 2244 1700 2298 praeci-

937 2326 1060 2364 puam
1077 2312 1284 2351 obtineret.
1338 2312 1476 2351 Lana.

991 2400 1080 2434 400.
1131 2395 1275 2447 Pipulo
1304 2394 1368 2433 hic
1397 2394 1575 2447 differam
1608 2397 1701 2432 ante

939 2459 1076 2511 oedes.]
1089 2459 1212 2498 Hunc
1222 2460 1367 2504 locum,
1378 2459 1492 2498 aliter
1501 2457 1700 2495 difficilem

938 2523 1157 2569 intellectu,
1185 2537 1235 2562 ex
1252 2523 1370 2561 Non:
1392 2529 1433 2561 et
1450 2522 1574 2560 Varr:
1595 2521 1701 2560 bene

939 2587 1115 2638 expediit
1153 2587 1384 2626 Lambinus.
1437 2586 1542 2637 Ejus
1577 2585 1702 2624 verba

939 2658 1045 2697 sunt,
1082 2651 1273 2690 Convicio
1307 2658 1347 2689 te
1378 2650 1444 2689 hic
1475 2656 1566 2689 ante
1594 2648 1701 2688 aedes

940 2721 1029 2753 tuas
1042 2714 1260 2765 divulgabo
1273 2721 1314 2752 et
1325 2713 1548 2752 infamabo:
1568 2712 1701 2764 [Vide

942 2779 1099 2831 Gloss.]
1137 2779 1228 2818 Hoc
1263 2786 1397 2818 autem
1427 2792 1469 2818 se
1497 2778 1700 2818 facturum

941 2843 1117 2883 minatur
1151 2857 1315 2894 coquus,
1345 2843 1440 2894 quia
1466 2856 1559 2882 cum
1586 2842 1699 2882 testi-
