1864 3152
194 249 282 293 188
765 247 1180 292 GLOSSARIUM

252 385 342 430 672,
406 378 734 442 Novi—scia]
766 387 969 428 Videntur
986 387 1147 441 proprie
1163 387 1268 427 inter
1290 400 1331 426 se
1349 386 1435 426 hoec
1455 387 1645 427 vocabula
1661 387 1717 426 ita

179 466 387 520 distingui,
416 473 462 506 ut
477 465 676 519 posterius
700 466 885 514 absolute,
906 467 1020 520 prius
1043 481 1127 507 cum
1144 479 1238 505 casu
1256 466 1493 518 pierumque
1516 474 1717 506 construa-

180 547 261 580 tur.
324 540 565 592 Quanquam
596 540 812 593 aliquando
841 541 1086 594 conjunctim
1115 541 1199 581 sine
1227 554 1333 587 casu,
1362 547 1403 580 et
1431 553 1717 593 nonnunquam

181 613 406 666 promiscue
433 620 624 667 usurpata
648 615 918 655 inveniuntur.

255 733 345 779 673·
411 727 610 779 Vestitu
632 737 682 779 et
705 726 872 789 creta]
933 738 1014 777 Pro
1044 738 1202 778 cretatis
1231 737 1410 783 vestibus,
1442 750 1515 789 per
1550 737 1718 788 figuram

179 814 217 855 ἒν
239 814 299 854 διά
320 814 426 862 δυοῖν,
454 815 570 868 cujus
593 816 740 869 passim
758 816 939 869 exempla
963 817 1071 870 apud
1095 817 1251 864 Poetas,
1275 825 1317 857 et
1340 817 1514 869 reliquos
1535 828 1718 855 nonnun-

181 902 301 942 quam
319 889 543 943 scriptores,
571 898 804 931 occurrunt:
834 891 1100 931 Notissimum
1121 892 1223 931 illud
1242 892 1355 944 Virg.
1375 892 1521 943 Georg.
1545 890 1599 929 11.
1634 895 1717 936 192.

183 971 372 1011 “Pateris
398 970 568 1011 libamus
595 979 636 1011 et
661 973 794 1011 auro.''
821 985 896 1025 pro
921 972 1055 1012 aureis
1076 972 1239 1025 patens.

265 1103 332 1112 —-
408 1073 595 1135 Creta]
660 1084 767 1133 Quia
804 1084 995 1124 candidus
1029 1084 1131 1124 color
1165 1098 1240 1137 pro
1275 1084 1442 1124 honesto
1476 1084 1718 1128 sumebatur,

182 1165 240 1204 ita
261 1177 347 1204 mos
372 1164 462 1209 fuit,
491 1163 685 1216 quicquid
708 1164 824 1203 bonae
845 1171 950 1204 notae
976 1164 1289 1210 existimabatur,
1316 1168 1419 1203 creta
1445 1176 1515 1203 seu
1538 1162 1630 1202 albo
1650 1161 1718 1201 de-

184 1238 352 1291 signare.
407 1238 516 1278 Hinc
538 1238 639 1277 Hor.
660 1238 740 1278 Sat.
760 1238 816 1278 11.
837 1251 905 1278 ιιι.
925 1238 1013 1279 246.
1067 1245 1094 1263 “
1111 1238 1226 1279 Creta
1247 1252 1298 1278 an
1317 1239 1485 1278 carbone
1503 1236 1666 1276 notandi
1677 1238 1719 1275 ?'’

183 1313 294 1354 Pers.
325 1313 407 1352 Sat.
429 1312 480 1352 V.
510 1317 596 1352 108.
651 1312 765 1352 “Illa
794 1312 906 1365 prius
933 1317 1053 1358 creta,
1081 1325 1174 1351 mox
1206 1311 1293 1351 haec
1321 1312 1491 1351 carbone
1522 1310 1665 1350 notasti
1677 1310 1719 1348 ?”

184 1389 238 1429 Et
269 1389 351 1429 Sat.
382 1389 438 1428 11.
472 1395 506 1428 1.
570 1388 730 1429 “Diem
764 1402 932 1429 numera
965 1387 1117 1428 meliore
1151 1387 1321 1442 lapillo?
1360 1388 1385 1427 i.
1404 1402 1439 1428 e.
1478 1388 1581 1434 albo,
1627 1387 1721 1439 quia

183 1464 347 1511 bonum,
383 1464 573 1511 faustum,
610 1472 650 1504 et
684 1463 854 1504 felicem.
908 1463 1057 1503 Contra
1092 1463 1203 1517 niger
1229 1477 1303 1516 pro
1334 1476 1505 1515 nequam
1537 1462 1719 1502 sumitur.

186 1537 286 1577 Hor.
314 1537 396 1577 Sat.
419 1538 452 1578 1.
484 1551 542 1577 ιν.
570 1543 632 1578 85.
687 1538 808 1578 “Hic
834 1537 944 1590 niger
974 1539 1069 1578 est.”
1096 1545 1138 1578 et
1165 1551 1202 1576 v.
1222 1544 1284 1585 91.
1340 1544 1365 1562 “
1381 1538 1533 1577 Infesto
1557 1537 1719 1590 nigris-’⁸

183 1615 209 1654 i.
227 1628 262 1654 e.
289 1614 415 1654 malis.
469 1614 584 1662 Inde,
613 1614 709 1667 quia
731 1613 904 1666 speciem
929 1613 1084 1653 honesti
1110 1613 1325 1666 aliquando
1351 1627 1434 1666 prae
1459 1627 1500 1652 se
1521 1621 1659 1666 turpes
1680 1622 1721 1653 et

184 1689 383 1730 inhonesti
418 1690 612 1736 ferebant,
648 1690 690 1728 in
724 1689 981 1742 proverbium
1017 1702 1119 1742 pene
1154 1689 1279 1728 evasit
1309 1694 1412 1728 creta
1448 1701 1490 1726 se
1518 1688 1719 1736 occultare,

185 1777 267 1815 quo
294 1777 411 1803 sensu
436 1763 585 1804 Noster
605 1763 824 1816 usurpavit.
881 1762 948 1802 Sic
975 1770 1016 1802 et
1037 1763 1080 1801 in
1100 1763 1235 1802 fabula
1257 1776 1328 1801 sua
1354 1762 1459 1801 Pers.
1480 1768 1541 1806 74.
1597 1768 1622 1785 “
1637 1762 1718 1810 Qui

185 1838 251 1877 hic
281 1837 369 1877 albo
395 1842 474 1877 rete
496 1838 623 1877 aliena
649 1845 885 1891 oppugnant
911 1838 1049 1877 bonal'
1103 1836 1207 1876 Cum
1231 1850 1312 1889 quo
1334 1836 1420 1875 loeo
1446 1837 1599 1876 confert
1623 1836 1717 1876 Sm-

185 1913 299 1965 liger,
342 1912 460 1951 Enn:
499 1912 618 1951 Med:
666 1911 880 1965 “gypsam
915 1910 1127 1956 mnibus?
1163 1912 1289 1963 ''quae
1324 1910 1579 1950 translatione
1614 1910 1719 1950 dicta

187 1995 281 2028 sunt
298 1987 348 2027 de
366 1987 428 2034 iis,
456 1988 527 2041 qui
547 1987 658 2027 dolos
676 2001 768 2027 suos
786 1994 983 2040 praetextu
1001 1995 1207 2033 exornant,
1234 1994 1275 2027 et
1291 1986 1369 2026 illis
1385 1987 1557 2038 aliquam
1576 1987 1718 2025 bonam

187 2075 345 2103 oausam
372 2062 638 2115 pretendunt,
670 2069 781 2115 puta,
812 2062 922 2113 leges
950 2068 991 2101 et
1015 2061 1122 2114 jura,
1152 2068 1221 2100 aut
1252 2060 1403 2107 simile;
1434 2074 1533 2113 quas
1561 2061 1720 2100 fraudes

186 2138 447 2193 εὖτροσόπους
488 2138 546 2176 καὶ
585 2136 911 2191 εὖπροφασὶςτους
952 2135 1083 2176 Greci
1121 2142 1304 2176 vomnt.“
1357 2136 1484 2175 Simili
1522 2150 1638 2176 sensu
1680 2137 1720 2176 in

189 2215 228 2255 S.
257 2214 400 2267 Script-
428 2212 587 2259 dicitur,
617 2219 644 2236 “
656 2212 772 2252 Thou
803 2210 943 2250 whieed
969 2210 1094 2250 wall.”
1149 2216 1174 2233 “
1192 2210 1340 2250 Whited
1364 2211 1580 2264 sepulcre.”
1606 2214 1677 2251 &c⁴

271 2346 338 2355 ....
416 2314 601 2380 Frugi]
655 2317 842 2359 Honest.
903 2322 1032 2373 Supra
1060 2326 1146 2361 542.

262 2436 351 2481 674.
416 2433 609 2481 Certum
635 2434 750 2493 est.]
802 2439 935 2491 Supra
960 2438 1049 2479 680.
1077 2438 1166 2479 635.

272 2587 339 2596 —
414 2554 536 2604 Esse
559 2556 774 2617 bonum]
842 2558 963 2601 Tkat
984 2573 1069 2614 you
1090 2573 1168 2602 ars
1189 2559 1353 2602 honest.
1406 2564 1511 2603 Men.
1532 2569 1619 2607 871.

272 2702 339 2711 —
414 2669 486 2720 Et
509 2670 642 2720 voltu
664 2670 930 2736 cognosco]
988 2679 1093 2718 Vide
1126 2680 1166 2717 in
1200 2679 1311 2736 Nott.
1339 2679 1453 2718 Critt,
1507 2680 1717 2721 caeterum.

191 2760 220 2799 si
260 2772 349 2798 vera
386 2758 435 2798 sit
472 2758 555 2798 haec
585 2758 714 2800 lectio.
752 2758 930 2797 nonnihil
969 2759 1171 2798 confirmat
1208 2759 1567 2811 interpretationem
1601 2772 1718 2810 quam
