1864 3152
639 255 707 296 IN
744 254 1183 297 MENAECHMOS.
1585 255 1672 298 209

213 396 302 430 828.
367 386 507 446 Qui]
575 394 741 432 Utinam.
798 395 899 433 vide
929 395 1060 446 Supra
1088 394 1176 433 356.
1230 393 1358 431 Gloss.

214 511 301 544 830.
368 502 568 564 Praeut.]
633 513 762 565 Supra
787 519 877 553 285.
934 513 1062 551 Gloss.

214 629 302 668 837.
367 620 554 669 Caesum
579 622 760 687 virgis]
813 626 1049 680 Scourged.
1104 631 1194 669 Liv.
1227 631 1318 669 Lib.
1344 629 1400 668 11.
1428 629 1490 669 36.
1546 628 1674 668 “Ser-

142 718 238 743 vum
275 707 438 757 quidam
473 708 748 760 paterfamiliae
778 708 846 746 sub
870 707 997 758 furca
1031 722 1168 747 coesum
1199 708 1331 747 medio
1365 714 1502 759 egerat
1533 708 1674 747 circo.''

141 780 233 819 Ter.
263 782 388 820 Andr.
409 782 440 820 1.
462 795 509 820 11.
528 788 591 821 28.
646 788 671 804 “
689 782 919 821 Verberibus
945 796 1083 821 coesum
1109 790 1149 822 te
1175 783 1217 821 in
1244 783 1457 834 pistrinum
1484 782 1662 822 dedam.”

223 918 289 925 —
361 886 557 945 Furem]
607 897 923 936 Instrumentum
941 897 1141 949 supplicii,
1160 897 1315 936 literam
1333 897 1383 943 V,
1403 910 1473 936 seu
1493 898 1675 937 Graecam

139 973 189 1018 Π,
227 973 356 1024 figura
382 974 579 1013 referens:
619 975 730 1026 quod
763 975 1005 1027 portandum
1032 988 1102 1014 reo
1128 974 1172 1013 in
1199 974 1346 1014 collum
1371 975 1672 1027 imponebatur:

139 1047 266 1086 FAcc.
323 1049 434 1088 Hinc
445 1048 626 1100 fure-iser
650 1050 869 1096 formatur3
899 1050 942 1088 in
970 1063 1050 1101 qua
1075 1063 1173 1089 voce
1201 1049 1340 1088 Isidor.
1368 1050 1482 1101 Orig.
1508 1052 1598 1091 Lib.
1621 1052 1673 1090 X.

138 1124 161 1138 '’
174 1123 240 1161 Sic
258 1123 476 1170 dicebatur,
498 1124 568 1176 qui
586 1125 638 1163 ob
655 1124 744 1164 leve
762 1124 954 1163 delictum
972 1126 1188 1176 cogebatur
1204 1138 1228 1163 a
1241 1124 1425 1172 dominis,
1444 1125 1675 1177 ignominiae

138 1198 266 1249 magis
302 1211 422 1249 quam
458 1198 644 1250 supplicii
680 1212 809 1244 causa,
829 1198 994 1250 furcam
1025 1199 1130 1238 circa
1159 1199 1265 1237 viam
1300 1199 1417 1246 ferre,
1453 1201 1676 1252 praedicans

139 1281 348 1324 peccatum
374 1287 505 1319 suum,
533 1280 573 1312 et
597 1287 759 1312 monere
786 1281 948 1312 caeteros
974 1287 1027 1312 ne
1053 1273 1152 1325 quid
1179 1273 1306 1312 simile
1330 1280 1582 1326 peccarent.“

215 1390 302 1430 839-
367 1380 461 1428 Pro
484 1379 633 1441 sana]
691 1388 824 1440 Supra
850 1394 939 1428 213.
986 1389 1104 1427 “Pro
1130 1388 1263 1427 insano
1269 1391 1311 1433 ;'’
1341 1395 1428 1428 825.

211 1502 303 1536 840·
368 1491 535 1550 Face]
594 1499 705 1538 Vett.
725 1513 799 1551 pro
803 1498 894 1552 fac.
932 1500 1044 1538 Infra
1063 1505 1151 1539 842.
1170 1506 1259 1546 912.
1314 1501 1407 1538 Aul.
1432 1506 1517 1539 111.
1546 1502 1675 1541 Gloss.

141 1579 234 1618 Ter.
263 1579 389 1617 Andr.
417 1579 495 1618 IV.
524 1592 554 1617 1.
581 1584 642 1622 57.
698 1579 807 1618 “Me
832 1579 999 1617 missum
1011 1578 1147 1630 face.''
1201 1579 1256 1617 Et
1282 1578 1446 1629 quidem
1473 1580 1631 1631 passim.

215 1694 304 1728 842.
369 1683 460 1731 Ad
481 1683 595 1741 me.]
657 1687 724 1728 To
749 1701 820 1741 my
843 1688 987 1729 house.
1057 1691 1190 1743 Supra
1217 1698 1279 1732 32.
1336 1693 1446 1731 Infra
1474 1693 1561 1733 846.
1589 1699 1677 1734 850.

215 1808 303 1842 843.
372 1796 489 1845 Meo
511 1797 781 1859 arbitratu]
843 1802 906 1843 As
937 1803 968 1843 I
991 1804 1151 1855 please.
1217 1807 1349 1859 Supra
1379 1814 1437 1847 15.

215 1925 304 1959 844.
369 1914 579 1979 Aliquos
617 1915 792 1979 viginti
825 1915 963 1973 dies]
1043 1919 1171 1961 Some
1205 1924 1369 1973 twenty
1404 1921 1523 1974 days.
1596 1926 1628 1963 I.
1646 1941 1678 1965 e.

143 2002 319 2042 circiter.
371 2002 481 2041 citat
509 2003 656 2041 LAMB:
686 2002 803 2040 Varr.
831 2003 879 2040 R.
900 2002 949 2040 R.
978 2002 1059 2041 ΙΙΙ.
1088 2017 1120 2042 c.
1144 2010 1175 2042 l.
1204 2009 1300 2042 extr.
1354 2004 1497 2043 “Esse
1523 2013 1680 2057 oportet

138 2078 273 2130 aliqua
282 2077 390 2129 folia
420 2077 619 2130 quinque.”
674 2076 793 2115 Adde
827 2077 916 2115 Ter.
948 2077 1111 2115 Phorm.
1133 2077 1166 2115 Ι.
1187 2091 1254 2116 111.
1275 2084 1311 2122 7.
1367 2079 1566 2118 “Fuisset
1593 2087 1680 2118 tum
1731 2129 1738 2133 μ

141 2153 227 2191 illos
238 2152 337 2190 mihi
352 2165 458 2203 aegre
472 2151 618 2203 aliquot
631 2150 748 2190 dies?
767 2158 807 2189 et
821 2151 868 2188 V.
885 2163 924 2188 v.
938 2157 974 2189 4.
1004 2157 1029 2174 “
1042 2152 1146 2190 Nam
1160 2153 1304 2205 aliquot
1318 2154 1385 2192 hos
1399 2167 1552 2192 sumam
1567 2155 1682 2193 dies.”

217 2268 306 2301 845.
370 2255 712 2321 Pendentem]
765 2265 955 2304 Allusum
978 2266 1030 2304 ad
1053 2269 1383 2308 consuetudinem
1408 2283 1554 2315 servm,
1583 2270 1680 2308 dum

138 2343 322 2395 suspensi
337 2343 552 2395 penderent,
580 2344 810 2394 castigandi.
865 2345 961 2384 Huc
979 2347 1154 2397 pertinet
1173 2348 1266 2386 Ter.
1288 2347 1451 2386 Phorm.
1471 2348 1527 2386 II.
1549 2361 1598 2386 11.
1618 2354 1680 2387 43.

141 2424 168 2441 “
184 2418 247 2456 Tu
262 2419 347 2470 jam
363 2418 454 2457 lites
472 2417 633 2465 audies;
662 2418 751 2470 Ego
764 2418 917 2471 plectar
929 2421 1135 2471 pendens?
1190 2422 1374 2461 Glossam
1391 2425 1545 2474 praebet
1563 2423 1679 2462 Nost.

141 2493 253 2530 Asin.
280 2498 370 2532 285.
401 2507 488 2544 sqq.
543 2493 650 2531 “Ad
680 2493 802 2545 pedes
833 2494 995 2545 quando
1024 2495 1231 2547 alligatum
1264 2504 1324 2535 est
1352 2511 1511 2548 aequom
1541 2504 1680 2536 centu-

140 2568 349 2619 pondium,
386 2569 468 2608 Ubi
499 2582 640 2607 manus
674 2569 839 2607 manicae
875 2570 1091 2622 complexae
1123 2579 1226 2616 sunt,
1265 2579 1386 2623 atque
1417 2572 1601 2612 adductae
1629 2574 1681 2612 ad

137 2644 314 2681 trabem:
343 2643 430 2682 Nec
448 2643 652 2695 dependis,
681 2656 754 2682 nec
772 2644 1001 2695 propendis,
1030 2645 1128 2695 quin
1147 2645 1275 2684 malus
1293 2658 1550 2698 nequamque
1568 2648 1658 2686 sis.”

214 2758 303 2797 847.
363 2747 575 2797 Proinde
598 2751 692 2809 ut.]
737 2752 983 2807 According
1002 2768 1064 2795 as.
1104 2759 1252 2810 Amph.
1273 2759 1379 2798 Prol.
1392 2760 1456 2799 63.
1484 2764 1511 2782 “
1525 2761 1682 2800 Faciam

140 2835 203 2881 sit,
229 2834 391 2885 proinde
407 2839 448 2871 ut
467 2834 589 2872 dixi?

245 2910 295 2947 27
