1826 3164
679 254 1115 297 MENAECHMEI.
1632 255 1684 296 11

235 386 328 434 Sed
360 388 429 435 ita
463 395 519 435 ut
552 387 649 444 det,
685 387 811 436 unde
845 388 997 436 curari
1031 386 1084 435 id
1113 387 1261 451 possit
1291 386 1414 435 sibi:

234 470 362 519 Nam
397 472 488 520 nisi
520 473 601 536 qui
635 480 884 537 argentum
918 472 1119 527 dederit,
1146 487 1298 536 nugas
1330 467 1509 536 egerin

233 555 335 611 Qui
369 555 569 611 dederit,
603 573 741 621 mage
774 559 972 620 majores
1007 572 1159 620 nugas
1189 555 1355 620 egerit.
1637 564 1685 598 55

233 638 415 687 Verum
439 638 555 687 illuc
576 639 715 688 redeo
737 640 866 688 unde
888 641 999 696 abii,
1022 648 1166 704 atque
1189 654 1285 687 uno
1305 639 1441 687 adsto
1462 638 1514 685 in
1535 636 1651 686 loco.
1708 699 1714 701 Π

235 722 620 786 Epidamniensis
653 723 768 779 illic,
800 740 939 788 quem
972 723 1155 771 dudum
1187 722 1417 778 dixeram,

231 803 491 853 Geminum
526 805 664 854 illum
699 822 897 870 puerum
933 807 1016 870 qui
1049 806 1278 869 surripuit
1311 805 1531 860 alterum,

233 887 299 936 Ei
331 887 600 945 liberorum,
635 890 728 938 nisi
763 890 958 945 divitiae,
989 887 1114 937 nihil
1149 897 1278 937 erat:

233 972 454 1037 Adoptat
487 973 622 1022 illum
658 990 855 1038 puerum
892 974 1220 1038 surreptitium
1634 977 1685 1015 60

233 1055 336 1103 Sibi
370 1056 537 1112 filium,
571 1057 709 1121 eique
742 1074 936 1105 uxorem
973 1057 1184 1106 dotatam
1221 1055 1372 1112 dedit,

231 1137 455 1203 Eumque
488 1139 707 1189 heredem
742 1139 871 1196 fecit,
906 1156 1046 1204 quom
1082 1140 1183 1204 ipse
1217 1139 1338 1187 obiit
1372 1139 1528 1187 diem:

231 1221 356 1271 Nam
393 1240 471 1272 rus
504 1232 561 1273 ut
593 1225 695 1273 ibat
728 1224 865 1280 forte,
900 1232 957 1273 ut
990 1224 1198 1273 multum
1232 1224 1465 1288 pluverat,

233 1307 479 1372 Ingressus
512 1309 711 1358 fluvium
744 1309 961 1374 rapidum
998 1311 1058 1357 ab
1091 1310 1208 1357 urbe
1238 1308 1367 1357 haud
1398 1307 1607 1372 longule,

158 1413 185 1430 v.
202 1407 241 1434 ⁵7.
275 1407 345 1436 mie,
362 1407 436 1439 prior
450 1407 510 1439 nyll.
528 1407 726 1439 σαπήῃ-62.
745 1407 777 1432 B.
789 1408 812 1437 1,
831 1407 861 1432 B.
873 1414 897 1437 e,
914 1413 999 1438 quan
1015 1407 1073 1438 ipse
1084 1407 1151 1432 obiit
1167 1406 1247 1432 diem.
1280 1406 1332 1431 Sed
1350 1406 1380 1431 in
1396 1406 1474 1431 Poen.
1491 1406 1563 1431 Ptol.
1582 1406 1620 1435 77,
1638 1406 1684 1430 ubi

97 1447 403 1478 fidemve-inmittit,
421 1448 621 1480 leg-inum
638 1449 681 1474 vel
696 1448 870 1475 m———ffi-
889 1448 919 1473 B.
933 1449 955 1478 1,
973 1447 1040 1478 B.e,
1056 1449 1176 1479 phane.
1209 1447 1312 1478 ΗΑιιι,
1329 1447 1498 1480 ”legandum
1515 1448 1592 1480 puto,
1611 1447 1684 1472 Nan·

97 1497 148 1516 nu
162 1491 194 1515 nt
209 1490 273 1520 ὓαι,
292 1489 377 1521 mne
391 1491 508 1515 υκαι-ιι
519 1490 675 1522 μικταὶ-Υ·

150 1575 213 1608 53.
267 1568 333 1607 Ita
353 1573 393 1606 nt
411 1567 474 1606 det
492 1568 628 1621 unde]
681 1567 764 1607 Sed
782 1568 856 1607 hac

98 1633 188 1684 lege
214 1640 335 1684 atque
356 1632 594 1678 conditione,
625 1639 671 1670 ut
692 1645 857 1670 nummos

98 1696 197 1734 mihi
232 1696 313 1742 det,
355 1696 502 1748 quibus
540 1696 584 1734 id
624 1696 734 1747 quod
770 1695 857 1733 vult

97 1760 228 1799 curari
255 1759 332 1798 sibi
358 1759 493 1811 possit.

150 1840 212 1874 55.
268 1834 388 1887 Mage
405 1835 582 1886 majores,
596 1835 695 1886 ete]
749 1834 856 1882 Quia

98 1897 196 1936 mihi
214 1905 296 1936 tam
316 1898 436 1937 stulte
454 1898 666 1950 pecuniam
685 1897 854 1943 dederit,

97 1962 253 2000 nullum
288 1962 494 2014 negotium
532 1962 622 2014 ejus
656 1969 854 2001 curaturo.

97 2026 235 2065 Lunx.

150 2101 213 2140 56.
241 2100 344 2140 Iunc
361 2101 471 2140 redeo
484 2101 585 2139 unde
596 2100 713 2153 abiu]
749 2101 855 2140 Con-

95 2165 175 2203 fert
190 2165 424 2212 Lambinus,
442 2164 544 2203 Hor.
564 2165 644 2203 Sat.
662 2165 697 2203 1.
718 2177 746 2203 1.
769 2171 856 2205 108.

98 2235 125 2251 “
140 2228 255 2275 Illuc,
286 2229 392 2268 unde
420 2229 513 2274 abii,
542 2229 698 2268 redeo.”
752 2229 855 2268 Vide

96 2292 216 2331 etiam
242 2293 347 2331 infra
373 2298 533 2339 519-20.

150 2373 211 2414 59.
232 2367 323 2420 Εἰ]
338 2367 617 2407 Anacoluthon
624 2383 636 2414 ;
652 2381 743 2406 cum
750 2381 853 2419 prae-

97 2432 258 2471 cesserit
290 2431 600 2484 Epidamniensis
633 2430 714 2470 illic
746 2439 854 2470 recto

98 2508 203 2534 msu.
241 2495 307 2535 Sic
319 2495 558 2548 Argument.
574 2495 658 2547 huj.
674 2495 753 2534 fab.
768 2496 854 2534 init.

216 2572 237 2586 ⁸⁶
254 2570 408 2601 Hermum-
428 2570 552 2602 Siculus

291 2640 408 2647 -—
419 2621 458 2652 Εἰ
478 2631 561 2653 mors
578 2621 725 2660 obtigit.'’

100 2687 141 2718 et
158 2679 260 2720 infra.
274 2681 410 2722 64-65.

101 2752 193 2792 Hoe
209 2754 348 2794 melius
365 2770 486 2807 quam
503 2764 548 2795 ut
565 2757 852 2795 nominativum

102 2815 406 2867 Epidamniensis
453 2821 599 2860 referas
647 2822 697 2859 ad
742 2835 849 2873 seqq.

921 1567 1093 1620 adoptat,
1107 1574 1182 1606 etc.
1196 1567 1425 1606 etdativum
1438 1568 1487 1614 ei,
1502 1575 1577 1607 etc.
1591 1568 1685 1619 (pro

922 1630 1013 1683 quia
1039 1630 1094 1681 ei)
1119 1644 1192 1682 per
1218 1630 1474 1683 parenthesin
1500 1631 1683 1683 accipias.

925 1695 1028 1732 Nam
1047 1702 1153 1734 recte
1170 1695 1311 1733 Lamb.
1329 1695 1397 1741 ait,
1415 1698 1439 1710 '¹
1456 1696 1683 1735 Plautinum

923 1758 999 1797 hoc
1029 1766 1101 1804 est,
1133 1767 1175 1797 et
1202 1758 1434 1806 Comicum;
1469 1760 1545 1799 hac
1576 1761 1684 1799 enim

922 1822 1683 1875 negligentiaimitatursermonemquo-

921 1885 1130 1932 tidianum,
1167 1900 1249 1937 quo
1283 1886 1454 1926 maxime
1489 1888 1685 1926 comoedia

922 1950 1091 1988 utitur.“

974 2046 1035 2086 60.
1092 2046 1404 2100 Surreptitium]
1446 2048 1577 2096 Quem
1596 2049 1682 2101 ipse

923 2110 1178 2161 surripuerat.
1232 2110 1296 2162 [v.
1307 2116 1370 2150 32.
1382 2112 1542 2164 supra]
1578 2113 1681 2150 Con-

921 2174 982 2212 fer
1000 2173 1156 2212 Poenul.
1175 2179 1263 2219 771.
1283 2188 1370 2226 sqq.

941 2261 963 2274 ‘⁸
980 2259 1059 2291 Inde
1078 2266 1241 2299 surreptus
1260 2260 1325 2292 sere
1344 2261 1507 2299 sexennis;
1529 2261 1643 2300 postibi

980 2310 1045 2347 Qui
1058 2321 1131 2342 eum
1147 2310 1308 2350 surripuit,
1327 2311 1389 2343 huc
1407 2311 1532 2343 devexit
1549 2322 1682 2352 meoque

1018 2360 1093 2392 hero
1106 2360 1157 2392 hic
1171 2371 1244 2392 eum
1257 2361 1417 2400 vendidi23
1676 2402 1679 2405 ἢ

980 2411 1012 2441 1s
1025 2411 1057 2442 in
1066 2411 1191 2443 divitias
1200 2411 1292 2443 homo
1305 2412 1478 2450 adoptavit,
1492 2412 1575 2443 diem
1583 2423 1679 2452 quom

1017 2461 1096 2492 obiit
1108 2461 1235 2493 suom.”

973 2546 1035 2586 62.
1101 2545 1221 2588 Quom
1262 2545 1355 2598 ipse,
1396 2547 1498 2598 etc.]
1564 2547 1678 2586 Idem

922 2622 1060 2647 versus
1086 2609 1254 2648 habetur
1283 2609 1393 2647 Poen.
1422 2609 1527 2648 Prol.
1555 2625 1590 2649 v.
1617 2617 1678 2655 77.

922 2673 1066 2711 Huni.

972 2758 1033 2798 64.
1087 2760 1306 2810 Ingressus,
1334 2759 1435 2811 ete.]
1488 2760 1551 2799 De
1582 2775 1676 2800 con-

922 2823 1136 2861 structione
1164 2822 1255 2861 vide
1283 2836 1402 2874 supra
1430 2838 1465 2862 v.
1488 2829 1548 2869 59.
