1864 3152
128 252 191 297 92

724 252 791 295 M.
827 252 877 295 A.
915 253 1163 297 PLAUTI

263 381 534 432 Memorare
567 382 692 439 nolo,
727 373 977 433 hominum
1011 383 1371 434 mendicabula:

261 465 373 531 Ego
408 483 512 514 sum
548 465 632 515 ille
665 483 750 516 rex
783 465 1071 533 Philippus!
1108 466 1157 516 O
1187 467 1401 534 lepidum
1433 467 1591 517 diem!
1633 465 1635 467 ’

264 549 393 599 Nam
424 557 482 599 ut
515 550 699 599 dudum
731 549 846 599 hinc
879 551 990 608 abii,
1026 551 1181 600 multo
1214 551 1331 600 illuc
1364 550 1535 601 adveni
1568 552 1710 616 prior,

190 702 215 720 v.
232 695 286 721 mo.
322 695 411 721 Multo
433 694 507 724 mue,
532 693 576 720 ln
598 700 694 719 omues
715 694 799 719 codd.
823 693 914 720 Nous.
936 698 965 720 et
983 693 1083 719 Vhou.
1108 694 1200 727 itaque
1225 694 1292 719 de.
1311 694 1387 720 vm.
1406 694 1472 720 mue
1487 694 1618 719 nimirum
1635 693 1728 726 upbit

126 737 322 770 mundano.
346 739 379 763 ut
399 736 499 769 ΜΝ
520 734 595 769 amad
616 735 758 762 uma-um.
783 735 898 762 Fallitur
920 737 1021 766 ΗΑιι,
1044 737 1090 763 eui
1107 737 1216 763 videtur
1230 738 1316 763 nuno
1329 744 1364 763 ex
1379 744 1453 769 sequ.
1473 741 1664 767 vernonum,
1683 737 1727 762 vel

125 780 271 814 luendum
287 780 355 807 ωσι
371 778 445 811 quod
460 778 535 805 dedit
552 778 645 804 Βοιὼ.
682 778 825 811 Perpetem
841 782 1067 811 ummo-uerunt
1084 779 1208 805 Recmtt.

128 903 296 943 structio
323 901 489 941 minime
510 902 659 940 Nostro
690 901 892 947 inusitata,

127 980 220 1019 quoe
265 964 521 1005 nominativus
563 964 737 1017 pendens
784 964 894 1016 apud

125 1029 405 1082 grammaticos
453 1027 689 1080 appellatur.

126 1093 255 1133 simile
284 1100 345 1132 est
370 1092 472 1131 illud
496 1092 538 1131 in
566 1091 767 1143 Amphitr.
800 1096 890 1135 857.

126 1162 153 1181 “
163 1157 405 1202 Naucraten,
434 1168 543 1208 quem
575 1155 788 1194 convenire
821 1169 889 1193 vo-

122 1221 195 1267 lui,
223 1221 265 1260 in
283 1220 376 1259 navi
399 1233 479 1258 non
498 1220 617 1258 erat.''
675 1217 756 1257 Ubi
784 1226 891 1258 arcte

123 1286 297 1327 cohaeret
312 1285 523 1324 relativum
548 1297 769 1336 pronomen
797 1297 888 1323 cum

122 1350 284 1390 nomine
329 1348 601 1388 antecedente.
665 1347 780 1387 Idem
829 1355 890 1387 est

123 1414 234 1468 apud
253 1414 367 1466 Virg.
387 1413 477 1451 AEn.
507 1413 540 1451 1.
572 1418 660 1457 573.

200 1502 224 1518 “
244 1499 354 1532 Urbem
368 1510 460 1539 quam
473 1503 589 1535 statuo,
603 1503 708 1529 vestra
718 1497 802 1529 est.''

122 1585 323 1625 ceterum
341 1582 451 1635 quod
469 1581 521 1621 ad
540 1579 662 1620 Picus
683 1594 753 1621 seu
773 1580 890 1620 Pico:

120 1647 276 1693 attinet,
305 1644 399 1684 vide
417 1643 459 1682 in
479 1643 610 1682 Gloss.

170 1769 226 1777 —
269 1744 419 1784 Aureus
445 1747 588 1782 montes
609 1740 775 1793 catuna]
831 1740 888 1779 Hi

117 1816 233 1851 erant
266 1809 310 1848 in
351 1806 516 1859 Scythia
551 1805 764 1857 Europaea,
807 1818 888 1856 qua

117 1881 232 1929 parte
269 1871 418 1925 Ripaeis
453 1870 551 1924 [seu
580 1868 885 1922 Hyperboreis]

116 1937 323 1978 montibus
367 1941 429 1975 est
462 1933 668 1987 proxima3
719 1931 770 1971 de
806 1945 887 1983 qua

118 2001 366 2055 Pomponius
398 1999 509 2039 Mela
531 1998 621 2038 Lib.
654 1998 708 2037 11.
746 2010 831 2049 cap.
857 2010 885 2035 1.

119 2065 287 2118 “Regio
319 2069 379 2103 est
413 2062 508 2101 ditis
543 2061 761 2100 admodum
797 2060 883 2105 soli,

116 2127 387 2171 inhabitabilis
418 2134 565 2170 tamen,
596 2124 691 2177 quia
718 2123 880 2177 gryphi,

117 2208 270 2236 sevum
288 2201 329 2234 et
345 2192 527 2246 pertinax
546 2191 722 2230 ferarum
739 2202 880 2241 genus,

116 2273 261 2303 aurum
278 2266 396 2299 terrae
413 2256 575 2310 penitus
583 2261 767 2306 egestum
782 2254 884 2293 mire

115 2330 263 2371 amant,
282 2322 463 2373 mireque
477 2318 721 2364 custodiunt,
732 2325 774 2357 et
791 2324 885 2356 sunt

114 2387 251 2428 infesti
269 2384 594 2437 attingentibus?
621 2382 761 2422 Lan.
813 2381 884 2419 Vi-

115 2452 222 2493 desis
246 2450 482 2490 comment:
511 2446 563 2487 ad
595 2444 728 2485 AEsch.
754 2445 884 2484 Prom.

117 2515 253 2556 Vinct.
272 2519 361 2555 822.

367 2587 390 2603 ‘⁸
407 2585 448 2617 01
470 2582 701 2626 xpvodppmv

234 2650 390 2683 otaeofiow
407 2647 497 2688 ἀμφὶ
518 2643 640 2686 ripa!

114 2737 198 2779 Ubi
215 2735 370 2778 confert
388 2733 640 2777 nunnus,
667 2728 770 2769 Mitt.
791 2726 880 2768 Par.

118 2802 260 2843 Amisa.

766 1027 895 1079 Cujus

962 904 983 916 ¹⁴
998 902 1043 933 As
1053 901 1146 933 when
1159 911 1179 934 a
1191 901 1332 941 gryphen
1347 901 1426 933 thro'
1440 900 1493 933 the
1507 901 1687 934 vildema-

1002 953 1139 985 Pursues
1151 953 1204 984 the
1218 953 1431 993 Arimaspian,
1444 953 1514 984 who
1530 953 1570 991 by
1590 952 1704 984 stealth

1002 1005 1075 1036 uad
1089 1004 1167 1036 from
1180 1003 1229 1035 his
1240 1003 1374 1036 wakeful
1385 1005 1516 1043 cuatody
1531 1004 1695 1044 purloined

999 1052 1069 1085 The
1083 1054 1221 1092 guarded
1235 1052 1343 1092 gold.’'

1430 1092 1500 1123 Lib.
1522 1092 1570 1124 11.
1603 1093 1673 1123 943.

1009 1154 1099 1194 656.
1153 1154 1240 1206 Ego
1268 1153 1372 1193 solus
1398 1154 1574 1206 supera]
1630 1154 1721 1206 Hy-

957 1217 1120 1270 perbole
1128 1233 1138 1264 ;
1152 1218 1343 1256 maximas
1354 1218 1459 1256 enim
1474 1231 1569 1270 opes
1583 1226 1724 1257 nactus

958 1281 1033 1319 sibi
1071 1294 1208 1320 servus
1245 1281 1418 1327 videtur,
1456 1295 1548 1319 cum
1590 1281 1720 1319 aulam

956 1345 1041 1384 auri
1058 1345 1216 1396 plenam
1228 1345 1474 1397 repetiverit.
1504 1345 1617 1383 Conf.
1638 1345 1720 1383 Cic.

956 1409 1042 1447 Att.
1063 1408 1096 1446 I.
1116 1419 1175 1447 iv.
1188 1408 1271 1458 fin.
1316 1414 1342 1430 ‘⁴
1357 1406 1516 1459 Supero
1534 1408 1721 1447 Crassum

956 1473 1142 1511 divitiis?

1006 1570 1060 1577 -—
1104 1546 1209 1584 Nam
1251 1546 1343 1586 istos
1379 1559 1490 1598 reges
1537 1546 1722 1599 ceteros]

957 1610 1074 1656 Nam,
1096 1610 1271 1663 elliptice
1288 1610 1462 1649 refertur
1479 1609 1530 1649 ad
1548 1610 1591 1648 id
1610 1610 1719 1662 quod

956 1676 1151 1728 sequitur,
1180 1675 1308 1727 “Ego
1331 1688 1421 1714 sum
1442 1674 1509 1713 ille
1531 1688 1600 1714 rex
1625 1674 1720 1713 Phi-

955 1740 1092 1794 lippus
1105 1741 1142 1787 ;''
1161 1740 1275 1792 quasi
1294 1739 1413 1785 dicat,
1442 1745 1470 1762 “
1483 1739 1718 1792 Philippum

957 1813 1090 1844 autem
1113 1818 1304 1851 memoro,
1333 1817 1422 1844 nam
1450 1804 1571 1843 ceteri
1601 1813 1718 1856 quot-

953 1877 1053 1921 quot
1076 1875 1170 1908 sunt
1198 1881 1367 1920 usquam
1394 1867 1577 1919 gentium
1603 1879 1720 1918 reges

952 1948 1037 1987 prae
1054 1934 1153 1973 meis
1165 1933 1317 1972 divitiis
1334 1945 1530 1985 pauperes
1548 1940 1589 1971 et
1605 1946 1717 1971 men-

952 1998 1032 2038 dici
1061 1999 1190 2037 sunt.”

1005 2071 1093 2115 657.
1156 2069 1363 2109 Hominum
1412 2067 1718 2122 mendicabula]

950 2134 1178 2187 ‘Beggarly
1204 2133 1380 2173 fellows:
1429 2132 1508 2171 Pro
1536 2132 1718 2173 homines

949 2198 1234 2242 mendicantes,
1256 2196 1468 2235 mendicos
1501 2195 1610 2235 citat
1628 2195 1715 2235 No—

950 2261 1041 2300 nius
1058 2261 1099 2300 in
1120 2274 1204 2300 voc.
1260 2259 1396 2299 an

1002 2336 1094 2376 658.
1148 2335 1234 2388 Ego
1259 2349 1342 2374 som
1368 2333 1435 2373 ille
1465 2346 1535 2372 ret
1561 2333 1714 2386 Philip-

948 2401 1061 2453 pum]
1115 2399 1218 2439 Vide
1238 2399 1369 2451 Supra
1387 2411 1424 2434 v.
1444 2402 1506 2440 47.
1563 2396 1604 2435 Is
1626 2398 1712 2435 nuri

950 2465 1107 2505 fodinas
1123 2472 1277 2509 nactus,
1295 2462 1479 2502 maximis
1506 2461 1715 2501 abundans

951 2529 1115 2575 divitiis,
1148 2541 1246 2568 auro
1275 2526 1410 2579 potius
1437 2538 1558 2578 quarn
1594 2525 1714 2564 armis

949 2594 1098 2634 bellum
1122 2605 1264 2646 gerere
1282 2590 1444 2630 solebat.
1500 2590 1714 2629 Ina-narn.

951 2658 1069 2697 11³1..
1089 2657 1159 2709 qui
1170 2655 1290 2696 etiam
1302 2654 1398 2694 citat
1408 2667 1456 2693 ex
1473 2652 1637 2691 Diodor.
1651 2652 1712 2691 Si-

949 2721 1026 2762 cul.
1044 2721 1133 2760 Lib.
1152 2719 1287 2764 xvl.;
1317 2719 1339 2733 '’
1354 2717 1600 2769 Philippum,
1619 2728 1710 2755 cum

950 2786 1087 2825 urbem
1109 2782 1307 2835 quandam
1331 2780 1494 2831 egregie
1517 2780 1711 2818 munitam
