1864 3152
175 233 230 273 10
740 235 800 275 M.
839 236 893 276 A.
932 235 1175 277 PLAUTI

308 362 402 410 Sed
434 361 512 410 hic
546 379 687 411 senex
717 366 817 427 jam
854 365 1026 414 clamat
1061 367 1206 422 intus,
1242 375 1297 416 ut
1328 369 1473 425 solet;

306 446 475 494 Anum
512 445 634 495 foras
668 448 895 505 extrudit,
930 466 990 497 ne
1024 441 1099 498 sit'
1122 452 1316 499 conscia.

307 529 478 586 Credo,
514 547 679 579 aurum
716 532 944 595 inspicere
976 532 1093 590 volt,
1127 551 1188 583 ne
1223 543 1487 599 surreptum
1524 537 1630 584 siet.

653 913 813 962 ACT.
852 914 892 962 Ι.
965 913 1201 962 SCENA
1241 914 1280 962 1.

717 1063 904 1096 EUCMO.
950 1062 1216 1095 STAPHYLA.

176 1175 277 1225 EU.
308 1175 423 1232 Exi,
471 1176 690 1239 inquam!
737 1191 837 1240 age,
882 1175 984 1223 exi!
1032 1174 1300 1223 exeundum
1336 1173 1489 1222 hercle
1526 1174 1611 1243 tibi
1650 1172 1759 1220 hinc

506 1267 577 1308 est
611 1260 748 1317 foras,

308 1344 761 1408 Circumspectatrix
795 1360 902 1392 eum
937 1343 1082 1392 oculis
1117 1343 1381 1391 emissitiis!

177 1429 260 1478 ST.
307 1427 437 1478 Nam
473 1445 554 1477 cur
588 1444 664 1476 me
698 1428 915 1476 miseram
953 1428 1199 1476 verberas?

1200 1510 1300 1558 EU.
1336 1510 1414 1558 Ut
1448 1510 1616 1557 misera
1649 1510 1726 1562 sis,

309 1595 475 1662 Atque
509 1605 565 1646 ut
599 1604 647 1645 te
682 1596 893 1661 dignam,
928 1595 1067 1652 mala,
1102 1595 1272 1643 malam
1309 1602 1496 1642 aetatem
1533 1594 1719 1657 exigas!

174 1679 259 1729 ST.
308 1678 438 1728 Nam
470 1697 564 1744 qua
598 1697 673 1729 me
708 1696 835 1728 nunc
869 1696 1007 1727 causa
1041 1679 1284 1727 extrusisti
1320 1695 1378 1726 ex
1413 1676 1626 1725 aedibus?
1739 1686 1761 1718 5

175 1764 278 1813 Eu.
308 1762 424 1812 Tibi
456 1780 542 1828 ego
576 1764 807 1812 rationem
842 1762 1050 1819 reddam,
1086 1762 1382 1811 stimulorum
1419 1762 1575 1825 seges!

241 1921 266 1939 v.
285 1914 306 1938 1.
340 1912 384 1939 Ita
402 1912 502 1944 ιαίριί.
536 1911 561 1937 Δ
582 1911 688 1937 duobus
710 1911 744 1936 R.
761 1911 785 1936 ³.
808 1914 835 1936 et
857 1911 892 1941 A,
913 1910 988 1936 abe-t
1005 1912 1051 1940 eet,
1074 1911 1144 1936 sorte
1162 1917 1209 1942 per
1226 1910 1366 1937 incur-hm,
1390 1909 1439 1934 nisi
1456 1908 1488 1934 dt
1505 1909 1554 1934 ubi
1574 1908 1631 1933 :ine
1651 1908 1764 1933 ennom

179 1955 420 1989 legendum—4.
438 1952 482 1979 ln
495 1952 575 1985 plane
592 1953 647 1979 Hs.
665 1952 742 1978 Cant.
759 1952 854 1983 reliqui
871 1954 965 1977 cunm
980 1955 1096 1977 “tetrum
1115 1951 1215 1977 habent
1231 1951 1272 1976 vel
1287 1958 1321 1977 α
1335 1951 1378 1977 hie
1391 1952 1442 1976 mi.
1459 1951 1500 1976 vel
1514 1951 1555 1975 ku
1567 1957 1601 1975 cs
1616 1950 1666 1975 ari.
1701 1951 1764 1975 ‘nu

177 2000 221 2026 Mc
235 1999 339 2025 «edibus
354 1997 454 2023 omi-o
468 2002 510 2022 et.

240 2115 273 2148 1.
293 2107 517 2146 Exeundum
526 2104 663 2152 hercle,
672 2104 772 2156 etc.]
787 2105 940 2149 ‘Come‚
1010 2102 1172 2142 “Hisce
1199 2108 1392 2140 sementem
1422 2103 1461 2140 in
1490 2115 1557 2140 ore
1570 2100 1762 2152 saciam.··

185 2185 266 2225 you
285 2177 392 2209 must
404 2169 541 2220 budge
556 2176 640 2213 out,
661 2167 821 2206 Madam
841 2167 942 2219 Pry·
1010 2165 1077 2205 Sic
1106 2165 1251 2217 Amph.
1272 2171 1358 2209 877.

186 2238 322 2282 about,
351 2234 448 2274 with
467 2234 580 2274 those
599 2232 830 2285 inquisitive
849 2246 944 2284 eyes
1030 2244 1049 2258 ⁸⁴
1065 2241 1216 2277 verbero.
1230 2242 1335 2276 etiam.
1349 2241 1418 2279 quis
1428 2251 1484 2278 ego
1494 2240 1564 2274 sim.
1579 2251 1627 2271 me
1641 2241 1763 2278 rogim,

188 2300 236 2340 Of
247 2300 407 2352 your'80'
1423 2293 1568 2322 ulmorum
1583 2291 1764 2322 acheruns.''

1013 2354 1036 2392 i.
1051 2368 1083 2392 e.
1125 2353 1205 2401 Qui
1225 2360 1284 2391 tot
1303 2352 1423 2403 flagra
1443 2351 1603 2402 (ulmeos
1622 2365 1765 2402 nempe

242 2421 278 2461 6.
339 2419 429 2460 Tibi
447 2434 515 2472 ego
532 2419 713 2458 rationem
731 2417 887 2456 reddam
902 2417 945 2469 .']
1014 2417 1161 2468 virgas)
1197 2416 1236 2454 in
1274 2423 1386 2466 tergo
1420 2415 1630 2467 acceperis,
1668 2422 1765 2465 quot

191 2487 352 2533 ‘What‚
389 2499 453 2525 am
483 2485 499 2524 1
527 2492 569 2524 to
596 2484 688 2537 give
711 2497 787 2536 you
813 2498 835 2522 a
862 2495 945 2521 rea·
1014 2480 1173 2518 umbras
1192 2486 1436 2517 mortuorum
1457 2477 1653 2515 Acheron.
1703 2476 1765 2513 Si-

190 2566 260 2593 son
272 2553 301 2591 ?'
347 2549 583 2603 Emphatice
610 2548 772 2588 dictum.
1014 2542 1106 2582 mile
1131 2550 1190 2581 est
1212 2542 1298 2581 Cas.
1325 2547 1412 2581 338.
1468 2541 1763 2579 “Stimulorum

1015 2608 1131 2647 loculi
1146 2609 1180 2645 !''
1205 2607 1228 2645 i.
1242 2622 1276 2646 e.
1296 2615 1339 2646 ut
1353 2607 1524 2658 explicat
1546 2607 1644 2645 Pan.
1673 2606 1766 2645 ”Ita

244 2693 298 2701 -
351 2667 595 2708 Stimulormn
612 2666 759 2720 agea]
797 2666 859 2705 De
878 2679 945 2705 cu·
1014 2670 1182 2709 stimulis
1209 2669 1291 2708 fodi
1312 2670 1449 2708 solitus
1470 2678 1513 2708 ut
1533 2677 1660 2708 totum
1679 2682 1765 2708 cor-

186 2735 254 2788 jus
282 2746 445 2786 corpore
474 2732 586 2784 quasi
612 2738 783 2784 segetem
809 2731 946 2770 verbe·
1014 2746 1089 2786 pus
1124 2732 1210 2783 ejus
1246 2731 1492 2771 stimulorum
1530 2731 1646 2771 loculi
1683 2745 1766 2769 esse

193 2811 283 2837 rum
301 2796 507 2837 demetam.
554 2795 701 2835 Contra
720 2794 828 2834 Men.
846 2799 946 2841 9103
1015 2794 1262 2834 videantur.¹‘
