1864 3152
619 251 687 294 IN
722 251 1159 294 MENAECHMOS.
1576 248 1664 302 175

227 408 292 416 —
365 380 555 444 Palus]
620 391 749 430 Intell.
780 390 893 443 palos
929 391 1085 444 ligneos,
1121 390 1269 442 quibus
1306 388 1433 427 utitur
1467 387 1587 439 pellio
1621 389 1671 426 ad

138 467 262 520 pelles
296 468 577 509 distendendas
612 478 652 509 et
689 471 902 510 siccandas.
959 471 1094 509 an.
1139 470 1279 508 Graece
1317 467 1529 512 πάτταλος,
1566 467 1674 505 unde

139 542 279 589 Cleon,
309 542 558 595 Βυρσοδὲψης
585 544 819 595 Παφλαγαῖν,
845 546 901 583 ait
919 546 1028 597 apud
1046 545 1169 584 Arist.
1196 544 1302 595 qu.
1326 542 1428 590 369;
1457 555 1544 593 sqq.
1586 541 1672 578 “‘H

138 616 271 670 Bu'pcra
299 635 368 655 σου
404 617 717 671 θρανεύσεται.
772 617 1238 663 Διαπατταλενθήσει
1275 619 1435 670 χαμαί.”

215 726 304 759 314.
370 715 530 763 Ludos
567 713 759 775 facere]
826 720 892 760 To
921 721 1042 761 mock
1072 733 1161 766 me‚·
1202 721 1327 760 make
1355 733 1484 773 game
1513 720 1569 775 of
1590 734 1670 761 me.

142 803 236 841 Aul.
257 808 346 850 209.
374 802 502 841 Gloss.
558 802 635 841 Pro
661 802 873 855 ludificare,
904 809 949 841 ut
977 810 1124 848 contra,
1154 803 1283 854 Supra
1306 808 1396 848 280,
1427 802 1674 856 magmficare

140 891 215 928 pro
244 875 536 929 magnifacere.
589 877 682 915 Ter.
709 876 865 914 Phorm.
884 877 934 914 V.
954 889 1032 914 vu.
1053 883 1114 916 52.
1156 878 1254 916 “Ut
1279 877 1386 915 ludos
1397 876 1543 928 facit.''
1580 878 1673 916 Aul.

141 957 231 997 209.
276 957 303 974 “
315 950 432 993 Quem
449 958 606 990 senecta
632 958 746 990 aetate
765 950 875 989 ludos
877 949 1054 1002 [ποῖαι-δ’
1098 951 1224 989 Merc.
1242 957 1332 990 222.
1372 957 1399 973 “
1414 951 1530 989 Miris
1547 952 1676 990 modis

141 1027 199 1064 dii
216 1025 494 1078 ludosfaciunt
520 1025 784 1065 hominibus.'’
813 1025 900 1079 (ubi
921 1027 1107 1065 inusitate
1132 1039 1223 1065 cum
1241 1026 1377 1065 dativo
1398 1025 1677 1079 'consu-uitur.)

142 1100 251 1139 Pers.
273 1106 360 1140 801.
414 1100 586 1139 “Ludos
612 1114 676 1139 me
687 1099 868 1152 facitis?
895 1101 966 1139 διε.

215 1201 307 1240 317.
370 1189 669 1251 Perhibere.]
725 1194 814 1236 Are
831 1195 965 1248 given
987 1199 1089 1241 out‚·
1116 1194 1215 1235 said
1237 1198 1280 1235 to
1302 1194 1362 1235 be.
1417 1199 1549 1251 Supra
1570 1206 1655 1246 179.

217 1312 307 1346 318.
371 1300 599 1362 Iterum]
655 1305 779 1347 Next
799 1309 843 1346 to
864 1305 968 1346 kim.
1031 1307 1129 1346 Post
1155 1307 1274 1346 hunc.

217 1423 307 1456 320.
372 1413 640 1474 Praedicas.]
689 1418 782 1459 You
803 1432 896 1473 say.
939 1423 1129 1469 Proedioo,
1150 1437 1228 1462 -as.
1247 1423 1400 1476 penult.
1417 1423 1536 1462 brevi.
1576 1425 1682 1464 Vide

144 1500 278 1552 Supra
307 1500 411 1538 Prol.
430 1506 493 1545 47.

221 1597 310 1631 321.
372 1585 498 1635 Tam
528 1586 668 1648 cate]
735 1591 795 1635 So
825 1593 934 1634 well.
997 1597 1038 1636 A
1065 1603 1188 1644 catus,
1216 1599 1348 1651 Supra
1365 1605 1428 1639 55.

220 1709 310 1742 322·
374 1697 670 1762 pernegari]
724 1707 799 1746 Vis
841 1715 903 1747 est
945 1710 1251 1762 praepodtionis‚
1291 1710 1600 1763 perseverantius
1641 1718 1683 1750 et

102 1829 105 1831 ,
145 1789 360 1823 constanter
377 1784 527 1835 negari.
581 1783 651 1824 Sic
669 1785 781 1824 Infra
797 1786 886 1825 621.
925 1793 952 1810 “
963 1788 1159 1841 Perpeti.”
1190 1789 1283 1829 628.
1316 1789 1595 1842 “Perferam.''
1612 1792 1686 1829 &c.

222 1895 312 1928 323.
377 1881 646 1948 Ῑηῐΐᾶεείε.]
702 1889 759 1944 Is
770 1904 858 1944 you
880 1895 1017 1933 enter.
1081 1897 1160 1935 Pro
1190 1896 1413 1935 intraveris.
1463 1897 1529 1936 Sic
1560 1897 1683 1949 Epid.

112 2010 115 2012 .
150 1971 239 2016 716.
267 1977 294 1993 “
309 1970 503 2016 Οναεείε,”
530 1984 605 2022 pro
622 1972 809 2011 oraveris.
836 1972 979 2012 Bacch.
1002 1974 1115 2015 1165.
1144 1975 1388 2022 “Amissis-,³⁹
1406 1989 1480 2028 pro
1497 1977 1686 2016 amiseris.

147 2046 279 2085 Casin.
312 2051 402 2092 295.
445 2044 682 2097 “Objexis,”
716 2059 791 2098 pro
820 2047 1024 2099 objeceris.
1077 2050 1172 2088 Aul.
1204 2055 1294 2090 540.
1348 2056 1375 2074 “
1386 2050 1615 2090 Mutassiss'
1646 2060 1686 2091 et

149 2121 276 2159 multa
304 2120 380 2159 alia
408 2134 497 2172 quae
525 2121 755 2172 frequentat
779 2120 949 2160 Noster:
981 2131 1278 2175 usurpaverunt
1303 2126 1422 2164 etiam
1449 2126 1528 2173 alii,
1559 2140 1686 2178 quan-

151 2210 272 2249 quam
300 2195 480 2247 parcium
520 2209 554 2237 e.
571 2209 611 2246 g.
665 2195 781 2247 Virg.
817 2196 906 2234 AEn.
934 2197 1008 2235 IV.
1035 2198 1125 2238 605.
1180 2205 1207 2223 “
1217 2200 1473 2253 Implessem,”
1506 2215 1582 2253 pro
1610 2202 1687 2240 im-

151 2271 377 2326 plevissem.
428 2269 519 2310 606.
548 2276 574 2292 “
589 2270 847 2317 Εεείὶηεενη,”
868 2285 943 2323 pro
962 2273 1230 2313 extinxissem.
1284 2275 1387 2313 Hor.
1405 2275 1488 2314 Sat.
1507 2276 1541 2314 Ι.
1567 2290 1606 2315 v.
1623 2282 1686 2323 79.

154 2353 182 2370 “
196 2346 463 2398 Erepsemus‚”
490 2358 565 2397 pro
590 2345 884 2397 erepsissemus.
910 2348 982 2386 &c.
1033 2347 1146 2387 Infra
1163 2355 1251 2389 513.
1295 2354 1322 2371 “
1336 2349 1556 2389 Comes-cis?

226 2455 316 2489 324.
378 2443 710 2506 Assentabor.]
785 2450 887 2491 Will
931 2456 1103 2499 (ment,-
1156 2454 1250 2494 will
1299 2457 1377 2494 not
1429 2467 1545 2495 eroes
1594 2455 1685 2496 lter.

155 2525 268 2564 Infra
283 2530 373 2565 385.
423 2524 576 2577 Amph.
596 2531 685 2571 599.
738 2530 766 2548 “
780 2525 890 2565 Vera
905 2527 996 2566 volo
1013 2528 1124 2579 loqui
1146 2536 1198 2575 te,
1226 2529 1320 2567 nolo
1335 2531 1532 2568 assentari
1551 2530 1687 2570 mihi.”

156 2600 219 2650 (to
236 2613 305 2650 say
323 2612 366 2637 as
383 2598 406 2637 1
423 2600 528 2650 say.)
582 2599 693 2638 Hinc
714 2605 972 2640 assentatores
994 2593 1105 2648 dicti,
1133 2603 1205 2654 qui
1228 2610 1275 2642 ut
1291 2603 1348 2642 ait
1366 2604 1540 2650 Gnatho,
1567 2605 1687 2656 [Ter.

155 2676 263 2714 Eun.
289 2673 344 2711 11.
372 2685 421 2711 11.
446 2674 536 2725 21.]
591 2673 675 2712 “Si
709 2682 832 2726 negat
865 2676 968 2727 quis,
1004 2684 1174 2728 negant:
1212 2677 1279 2724 ait,
1314 2678 1449 2718 aiunt:
1487 2687 1688 2731 postremo

156 2751 355 2801 imperant.
379 2747 455 2786 sibi
477 2748 614 2787 omnia
630 2749 855 2788 assentari-'⁸
910 2751 970 2789 Ib.
987 2751 1066 2789 111.
1086 2764 1135 2789 11.
1154 2757 1217 2796 37.
1259 2753 1380 2801 “Qui
1399 2753 1494 2793 huic
1510 2754 1689 2794 animum

155 2822 349 2864 assentari
365 2821 602 2862 induxeris.”
656 2824 722 2863 Ne
739 2824 865 2875 igitur
883 2839 974 2865 cum
994 2826 1140 2864 Imma:
1166 2829 1378 2867 assenlibor
1395 2843 1572 2882 reponas.
