<?xml version="1.0" encoding="UTF-8"?>
<!DOCTYPE html PUBLIC "-//W3C//DTD XHTML 1.0 Transitional//EN"
    "http://www.w3.org/TR/xhtml1/DTD/xhtml1-transitional.dtd">
<html xmlns="http://www.w3.org/1999/xhtml" xml:lang="en" lang="en">
 <head>
  <title>
</title>
<meta http-equiv="Content-Type" content="text/html;charset=utf-8" />
  <meta name='ocr-system' content='tesseract 3.04.00' />
  <meta name='ocr-capabilities' content='ocr_page ocr_carea ocr_par ocr_line ocrx_word'/>
</head>
<body>
  <div class='ocr_page' id='page_1' title='image "./captivitrinummus00plauuoft_0365.png"; bbox 0 0 1864 3152; ppageno 0'>
   <div class='ocr_carea' id='block_1_1' title="bbox 650 242 1687 296">
    <p class='ocr_par' dir='ltr' id='par_1_1' title="bbox 650 242 1687 296">
     <span class='ocr_line' id='line_1_1' title="bbox 650 242 1687 296; baseline -0.008 -6"><span class='ocrx_word' id='word_1_1' title='bbox 650 249 715 290; x_wconf 81' lang='lat' dir='ltr'><strong>IN</strong></span> <span class='ocrx_word' id='word_1_2' title='bbox 753 246 1195 290; x_wconf 73' lang='lat' dir='ltr'><strong>MENAEcumos.</strong></span> <span class='ocrx_word' id='word_1_3' title='bbox 1600 242 1687 296; x_wconf 75' lang='lat'><strong>217</strong></span> 
     </span>
    </p>
   </div>
   <div class='ocr_carea' id='block_1_2' title="bbox 145 383 1689 586">
    <p class='ocr_par' dir='ltr' id='par_1_2' title="bbox 145 383 1689 586">
     <span class='ocr_line' id='line_1_2' title="bbox 219 383 1689 444; baseline -0.006 -15"><span class='ocrx_word' id='word_1_4' title='bbox 219 395 309 436; x_wconf 83' lang='grc'><strong>987-</strong></span> <span class='ocrx_word' id='word_1_5' title='bbox 375 383 562 444; x_wconf 56' lang='lat' dir='ltr'><strong>Laeta]</strong></span> <span class='ocrx_word' id='word_1_6' title='bbox 617 389 735 428; x_wconf 86' lang='lat' dir='ltr'>”Pro</span> <span class='ocrx_word' id='word_1_7' title='bbox 768 390 857 432; x_wconf 83' lang='lat' dir='ltr'><strong>lac;</strong></span> <span class='ocrx_word' id='word_1_8' title='bbox 895 388 1142 427; x_wconf 78' lang='lat' dir='ltr'><strong>nominativo</strong></span> <span class='ocrx_word' id='word_1_9' title='bbox 1182 398 1302 431; x_wconf 73' lang='lat' dir='ltr'>casu;</span> <span class='ocrx_word' id='word_1_10' title='bbox 1326 384 1576 423; x_wconf 56' lang='lat' dir='ltr'><strong>&#39;“Nomuae</strong></span> <span class='ocrx_word' id='word_1_11' title='bbox 1619 385 1689 435; x_wconf 88' lang='lat' dir='ltr'><strong>qui</strong></span> 
     </span>
     <span class='ocr_line' id='line_1_3' title="bbox 145 463 1688 520; baseline -0.007 -9"><span class='ocrx_word' id='word_1_12' title='bbox 145 473 241 511; x_wconf 73' lang='lat' dir='ltr'>citat</span> <span class='ocrx_word' id='word_1_13' title='bbox 259 471 451 518; x_wconf 86' lang='lat' dir='ltr'><strong>Ennium,</strong></span> <span class='ocrx_word' id='word_1_14' title='bbox 480 469 699 515; x_wconf 64' lang='lat' dir='ltr'><strong>Caecilium,</strong></span> <span class='ocrx_word' id='word_1_15' title='bbox 727 469 905 520; x_wconf 83' lang='lat' dir='ltr'>aliosque</span> <span class='ocrx_word' id='word_1_16' title='bbox 924 475 1105 506; x_wconf 87' lang='lat' dir='ltr'><strong>veterum</strong></span> <span class='ocrx_word' id='word_1_17' title='bbox 1130 465 1390 516; x_wconf 76' lang='lat' dir='ltr'>Scriptorum.</span> <span class='ocrx_word' id='word_1_18' title='bbox 1445 463 1688 514; x_wconf 85' lang='lat' dir='ltr'><strong>Exemplum</strong></span> 
     </span>
     <span class='ocr_line' id='line_1_4' title="bbox 146 545 904 586; baseline -0.007 0"><span class='ocrx_word' id='word_1_19' title='bbox 146 548 248 586; x_wconf 84' lang='lat' dir='ltr'><strong>habe</strong></span> <span class='ocrx_word' id='word_1_20' title='bbox 275 560 322 585; x_wconf 87' lang='lat' dir='ltr'><strong>ex</strong></span> <span class='ocrx_word' id='word_1_21' title='bbox 350 546 487 584; x_wconf 80' lang='lat' dir='ltr'><strong>Nostr.</strong></span> <span class='ocrx_word' id='word_1_22' title='bbox 515 545 600 582; x_wconf 89' lang='lat' dir='ltr'><strong>Mil.</strong></span> <span class='ocrx_word' id='word_1_23' title='bbox 629 545 695 583; x_wconf 84' lang='lat' dir='ltr'>cit.</span> <span class='ocrx_word' id='word_1_24' title='bbox 722 545 765 582; x_wconf 90' lang='lat' dir='ltr'><strong>in</strong></span> <span class='ocrx_word' id='word_1_25' title='bbox 795 545 904 582; x_wconf 83' lang='lat' dir='ltr'><strong>Nott.</strong></span> 
     </span>
    </p>
   </div>
   <div class='ocr_carea' id='block_1_3' title="bbox 150 652 1688 792">
    <p class='ocr_par' dir='ltr' id='par_1_3' title="bbox 150 652 1688 792">
     <span class='ocr_line' id='line_1_5' title="bbox 219 652 1688 714; baseline -0.005 -16"><span class='ocrx_word' id='word_1_26' title='bbox 219 664 310 705; x_wconf 89' lang='lat'><strong>988.</strong></span> <span class='ocrx_word' id='word_1_27' title='bbox 374 652 531 714; x_wconf 62' lang='lat' dir='ltr'>Post]</span> <span class='ocrx_word' id='word_1_28' title='bbox 578 656 827 702; x_wconf 83' lang='lat' dir='ltr'><strong>Moreover‚·</strong></span> <span class='ocrx_word' id='word_1_29' title='bbox 853 655 1028 696; x_wconf 67' lang='lat' dir='ltr'><strong>besides.</strong></span> <span class='ocrx_word' id='word_1_30' title='bbox 1085 657 1176 694; x_wconf 90' lang='lat' dir='ltr'><strong>Hoc</strong></span> <span class='ocrx_word' id='word_1_31' title='bbox 1194 668 1311 693; x_wconf 82' lang='lat' dir='ltr'><strong>sensu</strong></span> <span class='ocrx_word' id='word_1_32' title='bbox 1334 655 1419 692; x_wconf 87' lang='lat' dir='ltr'><strong>Mil.</strong></span> <span class='ocrx_word' id='word_1_33' title='bbox 1436 654 1525 694; x_wconf 80' lang='lat'><strong>645.</strong></span> <span class='ocrx_word' id='word_1_34' title='bbox 1549 659 1582 692; x_wconf 90' lang='lat'><strong>.“</strong></span> <span class='ocrx_word' id='word_1_35' title='bbox 1594 653 1688 691; x_wconf 79' lang='lat' dir='ltr'><em>Post</em></span> 
     </span>
     <span class='ocr_line' id='line_1_6' title="bbox 150 735 1159 792; baseline -0.007 -13"><span class='ocrx_word' id='word_1_36' title='bbox 150 741 296 792; x_wconf 82' lang='lat' dir='ltr'>Ephesi</span> <span class='ocrx_word' id='word_1_37' title='bbox 316 754 404 779; x_wconf 80' lang='lat' dir='ltr'><strong>sum</strong></span> <span class='ocrx_word' id='word_1_38' title='bbox 421 739 572 778; x_wconf 76' lang='lat' dir='ltr'><strong>na&#39;tus.”</strong></span> <span class='ocrx_word' id='word_1_39' title='bbox 591 739 655 789; x_wconf 85' lang='lat' dir='ltr'><strong>(ut</strong></span> <span class='ocrx_word' id='word_1_40' title='bbox 672 745 780 777; x_wconf 85' lang='lat' dir='ltr'>recte</span> <span class='ocrx_word' id='word_1_41' title='bbox 799 738 833 775; x_wconf 88' lang='lat' dir='ltr'>is</span> <span class='ocrx_word' id='word_1_42' title='bbox 850 737 962 775; x_wconf 89' lang='lat' dir='ltr'><strong>locus</strong></span> <span class='ocrx_word' id='word_1_43' title='bbox 979 735 1159 787; x_wconf 84' lang='lat' dir='ltr'>legitur.)</span> 
     </span>
    </p>
   </div>
   <div class='ocr_carea' id='block_1_4' title="bbox 219 838 1535 903">
    <p class='ocr_par' dir='ltr' id='par_1_4' title="bbox 219 838 1535 903">
     <span class='ocr_line' id='line_1_7' title="bbox 219 838 1535 903; baseline -0.007 -14"><span class='ocrx_word' id='word_1_44' title='bbox 219 851 308 890; x_wconf 87' lang='lat'><strong>997.</strong></span> <span class='ocrx_word' id='word_1_45' title='bbox 373 838 581 903; x_wconf 84' lang='lat' dir='ltr'><strong>Operam</strong></span> <span class='ocrx_word' id='word_1_46' title='bbox 614 838 763 895; x_wconf 63' lang='lat' dir='ltr'>dare]</span> <span class='ocrx_word' id='word_1_47' title='bbox 823 840 895 882; x_wconf 90' lang='lat' dir='ltr'><strong>Do</strong></span> <span class='ocrx_word' id='word_1_48' title='bbox 924 853 990 880; x_wconf 87' lang='lat' dir='ltr'><strong>me</strong></span> <span class='ocrx_word' id='word_1_49' title='bbox 1022 853 1049 879; x_wconf 88' lang='lat' dir='ltr'><strong><em>a</em></strong></span> <span class='ocrx_word' id='word_1_50' title='bbox 1071 838 1221 892; x_wconf 82' lang='lat' dir='ltr'><strong>favor.</strong></span> <span class='ocrx_word' id='word_1_51' title='bbox 1286 841 1419 892; x_wconf 85' lang='lat' dir='ltr'>Supra</span> <span class='ocrx_word' id='word_1_52' title='bbox 1447 841 1535 880; x_wconf 90' lang='lat'><em>565.</em></span> 
     </span>
    </p>
   </div>
   <div class='ocr_carea' id='block_1_5' title="bbox 220 955 1688 1017">
    <p class='ocr_par' dir='ltr' id='par_1_5' title="bbox 220 955 1688 1017">
     <span class='ocr_line' id='line_1_8' title="bbox 220 955 1688 1017; baseline -0.001 -18"><span class='ocrx_word' id='word_1_53' title='bbox 220 968 309 1007; x_wconf 78' lang='lat'><strong>999.</strong></span> <span class='ocrx_word' id='word_1_54' title='bbox 375 955 605 1017; x_wconf 61' lang='lat' dir='ltr'>servibo]</span> <span class='ocrx_word' id='word_1_55' title='bbox 663 958 877 1000; x_wconf 75' lang='lat' dir='ltr'><strong>Servium.</strong></span> <span class='ocrx_word' id='word_1_56' title='bbox 942 962 1004 1000; x_wconf 87' lang='lat' dir='ltr'><strong>De</strong></span> <span class='ocrx_word' id='word_1_57' title='bbox 1023 961 1097 999; x_wconf 87' lang='lat' dir='ltr'><strong>hac</strong></span> <span class='ocrx_word' id='word_1_58' title='bbox 1114 961 1254 1006; x_wconf 83' lang='lat' dir='ltr'><strong>forma,</strong></span> <span class='ocrx_word' id='word_1_59' title='bbox 1284 960 1413 1011; x_wconf 86' lang='lat' dir='ltr'>Supra</span> <span class='ocrx_word' id='word_1_60' title='bbox 1431 966 1519 1005; x_wconf 73' lang='lat'><strong>295.</strong></span> <span class='ocrx_word' id='word_1_61' title='bbox 1567 960 1688 998; x_wconf 82' lang='lat' dir='ltr'>Merc.</span> 
     </span>
    </p>
   </div>
   <div class='ocr_carea' id='block_1_6' title="bbox 148 1041 1124 1096">
    <p class='ocr_par' dir='ltr' id='par_1_6' title="bbox 148 1041 1124 1096">
     <span class='ocr_line' id='line_1_9' title="bbox 148 1041 1124 1096; baseline -0.004 -14"><span class='ocrx_word' id='word_1_62' title='bbox 148 1047 237 1087; x_wconf 82' lang='lat'><strong>537.</strong></span> <span class='ocrx_word' id='word_1_63' title='bbox 292 1045 511 1096; x_wconf 83' lang='lat' dir='ltr'><strong>“Antiqua</strong></span> <span class='ocrx_word' id='word_1_64' title='bbox 537 1043 721 1088; x_wconf 77' lang='lat' dir='ltr'>recolam,</span> <span class='ocrx_word' id='word_1_65' title='bbox 750 1050 789 1081; x_wconf 87' lang='lat' dir='ltr'><strong>et</strong></span> <span class='ocrx_word' id='word_1_66' title='bbox 816 1041 965 1080; x_wconf 77' lang='lat' dir='ltr'><strong>servibo</strong></span> <span class='ocrx_word' id='word_1_67' title='bbox 989 1041 1124 1079; x_wconf 86' lang='lat' dir='ltr'><strong>mihi.&#39;&#39;</strong></span> 
     </span>
    </p>
   </div>
   <div class='ocr_carea' id='block_1_7' title="bbox 198 1143 1417 1209">
    <p class='ocr_par' dir='ltr' id='par_1_7' title="bbox 198 1143 1417 1209">
     <span class='ocr_line' id='line_1_10' title="bbox 198 1143 1417 1209; baseline -0.004 -14"><span class='ocrx_word' id='word_1_68' title='bbox 198 1157 310 1191; x_wconf 85' lang='lat'><strong>1000.</strong></span> <span class='ocrx_word' id='word_1_69' title='bbox 376 1147 530 1209; x_wconf 91' lang='lat' dir='ltr'><strong>Duo.]</strong></span> <span class='ocrx_word' id='word_1_70' title='bbox 591 1156 667 1193; x_wconf 75' lang='lat' dir='ltr'><strong>Pro</strong></span> <span class='ocrx_word' id='word_1_71' title='bbox 694 1155 798 1192; x_wconf 61' lang='lat' dir='ltr'><strong>duos.</strong></span> <span class='ocrx_word' id='word_1_72' title='bbox 854 1154 957 1192; x_wconf 71' lang='lat' dir='ltr'>vide</span> <span class='ocrx_word' id='word_1_73' title='bbox 985 1143 1122 1204; x_wconf 80' lang='lat' dir='ltr'><strong>Supra&#39;</strong></span> <span class='ocrx_word' id='word_1_74' title='bbox 1144 1152 1232 1192; x_wconf 87' lang='lat'><strong>681.</strong></span> <span class='ocrx_word' id='word_1_75' title='bbox 1288 1153 1417 1191; x_wconf 70' lang='lat' dir='ltr'><strong>ffloss.</strong></span> 
     </span>
    </p>
   </div>
   <div class='ocr_carea' id='block_1_8' title="bbox 199 1262 1689 1323">
    <p class='ocr_par' dir='ltr' id='par_1_8' title="bbox 199 1262 1689 1323">
     <span class='ocr_line' id='line_1_11' title="bbox 199 1262 1689 1323; baseline -0.001 -18"><span class='ocrx_word' id='word_1_76' title='bbox 199 1273 311 1306; x_wconf 89' lang='grc'><strong>1008.</strong></span> <span class='ocrx_word' id='word_1_77' title='bbox 375 1262 713 1323; x_wconf 57' lang='lat' dir='ltr'><strong>Conveniunt]</strong></span> <span class='ocrx_word' id='word_1_78' title='bbox 763 1265 924 1319; x_wconf 59' lang='lat' dir='ltr'><strong>‘Palm</strong></span> <span class='ocrx_word' id='word_1_79' title='bbox 986 1270 1095 1307; x_wconf 88' lang='lat' dir='ltr'>Infra</span> <span class='ocrx_word' id='word_1_80' title='bbox 1127 1274 1238 1308; x_wconf 73' lang='lat'><strong>1028.</strong></span> <span class='ocrx_word' id='word_1_81' title='bbox 1282 1268 1542 1307; x_wconf 61' lang='lat' dir='ltr'><strong>“Convenitx·</strong></span> <span class='ocrx_word' id='word_1_82' title='bbox 1597 1267 1689 1306; x_wconf 83' lang='lat' dir='ltr'><strong>Ter.</strong></span> 
     </span>
    </p>
   </div>
   <div class='ocr_carea' id='block_1_9' title="bbox 152 1346 1605 1754">
    <p class='ocr_par' dir='ltr' id='par_1_9' title="bbox 152 1346 1605 1754">
     <span class='ocr_line' id='line_1_12' title="bbox 152 1346 1419 1398; baseline -0.001 -13"><span class='ocrx_word' id='word_1_83' title='bbox 152 1348 309 1386; x_wconf 89' lang='lat' dir='ltr'><strong>Phorm.</strong></span> <span class='ocrx_word' id='word_1_84' title='bbox 331 1349 362 1386; x_wconf 91' lang='lat'><strong>1.</strong></span> <span class='ocrx_word' id='word_1_85' title='bbox 382 1361 431 1386; x_wconf 87' lang='lat'><strong>11.</strong></span> <span class='ocrx_word' id='word_1_86' title='bbox 451 1353 486 1387; x_wconf 83' lang='lat'><strong>3.</strong></span> <span class='ocrx_word' id='word_1_87' title='bbox 542 1347 785 1387; x_wconf 80' lang='lat' dir='ltr'><strong>“Conveniet</strong></span> <span class='ocrx_word' id='word_1_88' title='bbox 812 1361 1013 1393; x_wconf 87' lang='lat' dir='ltr'><strong>numerus,</strong></span> <span class='ocrx_word' id='word_1_89' title='bbox 1042 1355 1235 1398; x_wconf 83' lang='lat' dir='ltr'><strong>quantum</strong></span> <span class='ocrx_word' id='word_1_90' title='bbox 1263 1346 1419 1385; x_wconf 86' lang='lat' dir='ltr'><strong>debui.”</strong></span> 
     </span>
     <span class='ocr_line' id='line_1_13' title="bbox 200 1452 1116 1518; baseline -0.001 -21"><span class='ocrx_word' id='word_1_91' title='bbox 200 1465 311 1498; x_wconf 80' lang='lat'><strong>1014.</strong></span> <span class='ocrx_word' id='word_1_92' title='bbox 378 1452 707 1518; x_wconf 65' lang='lat' dir='ltr'><strong>septuennis]</strong></span> <span class='ocrx_word' id='word_1_93' title='bbox 769 1461 899 1512; x_wconf 82' lang='lat' dir='ltr'><strong>Supra</strong></span> <span class='ocrx_word' id='word_1_94' title='bbox 926 1460 1116 1498; x_wconf 79' lang='lat' dir='ltr'><strong>Pr01.24.</strong></span> 
     </span>
     <span class='ocr_line' id='line_1_14' title="bbox 198 1572 1269 1632; baseline 0.002 -16"><span class='ocrx_word' id='word_1_95' title='bbox 198 1583 313 1617; x_wconf 89' lang='grc'><strong>1015.</strong></span> <span class='ocrx_word' id='word_1_96' title='bbox 378 1572 620 1632; x_wconf 63' lang='lat' dir='ltr'>Postilla]</span> <span class='ocrx_word' id='word_1_97' title='bbox 683 1576 816 1619; x_wconf 80' lang='lat' dir='ltr'><strong>Since</strong></span> <span class='ocrx_word' id='word_1_98' title='bbox 847 1577 965 1617; x_wconf 73' lang='lat' dir='ltr'><strong>then.</strong></span> <span class='ocrx_word' id='word_1_99' title='bbox 1023 1580 1154 1631; x_wconf 86' lang='lat' dir='ltr'>Supra</span> <span class='ocrx_word' id='word_1_100' title='bbox 1180 1579 1269 1618; x_wconf 81' lang='lat'><strong>256.</strong></span> 
     </span>
     <span class='ocr_line' id='line_1_15' title="bbox 200 1688 1605 1754; baseline 0 -21"><span class='ocrx_word' id='word_1_101' title='bbox 200 1700 310 1734; x_wconf 78' lang='lat'><strong>1025.</strong></span> <span class='ocrx_word' id='word_1_102' title='bbox 375 1688 773 1754; x_wconf 62' lang='lat' dir='ltr'><strong>Renuntiatum]</strong></span> <span class='ocrx_word' id='word_1_103' title='bbox 831 1697 895 1735; x_wconf 88' lang='lat' dir='ltr'><strong>De</strong></span> <span class='ocrx_word' id='word_1_104' title='bbox 923 1697 962 1734; x_wconf 91' lang='lat' dir='ltr'>vi</span> <span class='ocrx_word' id='word_1_105' title='bbox 989 1696 1197 1748; x_wconf 79' lang='lat' dir='ltr'>particulae</span> <span class='ocrx_word' id='word_1_106' title='bbox 1224 1695 1329 1734; x_wconf 89' lang='lat' dir='ltr'>Vide</span> <span class='ocrx_word' id='word_1_107' title='bbox 1357 1696 1489 1747; x_wconf 79' lang='lat' dir='ltr'>Supra</span> <span class='ocrx_word' id='word_1_108' title='bbox 1517 1701 1605 1739; x_wconf 75' lang='lat'><strong>327.</strong></span> 
     </span>
    </p>
   </div>
   <div class='ocr_carea' id='block_1_10' title="bbox 148 1806 1693 2250">
    <p class='ocr_par' dir='ltr' id='par_1_10' title="bbox 148 1806 1693 2250">
     <span class='ocr_line' id='line_1_16' title="bbox 198 1806 1692 1872; baseline 0 -15"><span class='ocrx_word' id='word_1_109' title='bbox 198 1816 313 1857; x_wconf 70' lang='lat'>1029·</span> <span class='ocrx_word' id='word_1_110' title='bbox 377 1806 556 1856; x_wconf 87' lang='lat' dir='ltr'><strong>Multis</strong></span> <span class='ocrx_word' id='word_1_111' title='bbox 587 1809 724 1856; x_wconf 78' lang='lat' dir='ltr'><strong>annis</strong></span> <span class='ocrx_word' id='word_1_112' title='bbox 754 1808 898 1872; x_wconf 62' lang='lat' dir='ltr'>post]</span> <span class='ocrx_word' id='word_1_113' title='bbox 955 1817 1191 1856; x_wconf 76' lang='lat' dir='ltr'><strong>Notandum</strong></span> <span class='ocrx_word' id='word_1_114' title='bbox 1209 1818 1441 1870; x_wconf 82' lang='lat' dir='ltr'>praepositio</span> <span class='ocrx_word' id='word_1_115' title='bbox 1452 1823 1540 1870; x_wconf 73' lang='lat' dir='ltr'><strong>post</strong></span> <span class='ocrx_word' id='word_1_116' title='bbox 1559 1819 1692 1857; x_wconf 80' lang='lat' dir='ltr'>aufer-</span> 
     </span>
     <span class='ocr_line' id='line_1_17' title="bbox 149 1893 1691 1946; baseline 0.003 -15"><span class='ocrx_word' id='word_1_117' title='bbox 149 1893 242 1932; x_wconf 81' lang='lat' dir='ltr'>endi</span> <span class='ocrx_word' id='word_1_118' title='bbox 260 1906 355 1932; x_wconf 73' lang='lat' dir='ltr'><strong>casu</strong></span> <span class='ocrx_word' id='word_1_119' title='bbox 368 1894 520 1946; x_wconf 75' lang='lat' dir='ltr'><strong>juncta.</strong></span> <span class='ocrx_word' id='word_1_120' title='bbox 575 1895 682 1934; x_wconf 83' lang='lat' dir='ltr'>Citat</span> <span class='ocrx_word' id='word_1_121' title='bbox 699 1895 804 1934; x_wconf 73' lang='lat' dir='ltr'><strong>PAR.</strong></span> <span class='ocrx_word' id='word_1_122' title='bbox 825 1896 919 1934; x_wconf 73' lang='lat' dir='ltr'><strong>Lex.</strong></span> <span class='ocrx_word' id='word_1_123' title='bbox 939 1896 1074 1935; x_wconf 79' lang='lat' dir='ltr'><strong>Plaut.</strong></span> <span class='ocrx_word' id='word_1_124' title='bbox 1103 1897 1252 1936; x_wconf 78' lang='lat' dir='ltr'><strong>Pacuv.</strong></span> <span class='ocrx_word' id='word_1_125' title='bbox 1271 1898 1313 1935; x_wconf 89' lang='lat' dir='ltr'><strong>in</strong></span> <span class='ocrx_word' id='word_1_126' title='bbox 1333 1898 1502 1945; x_wconf 83' lang='lat' dir='ltr'><strong>Teucro,</strong></span> <span class='ocrx_word' id='word_1_127' title='bbox 1523 1898 1691 1946; x_wconf 78' lang='lat' dir='ltr'><strong>“Quam</strong></span> 
     </span>
     <span class='ocr_line' id='line_1_18' title="bbox 148 1967 1690 2023; baseline 0.004 -18"><span class='ocrx_word' id='word_1_128' title='bbox 148 1974 189 2006; x_wconf 85' lang='lat' dir='ltr'><strong>te</strong></span> <span class='ocrx_word' id='word_1_129' title='bbox 215 1973 303 2019; x_wconf 74' lang='lat' dir='ltr'><strong>post</strong></span> <span class='ocrx_word' id='word_1_130' title='bbox 330 1967 459 2006; x_wconf 75' lang='lat' dir='ltr'><strong>multis</strong></span> <span class='ocrx_word' id='word_1_131' title='bbox 484 1976 600 2007; x_wconf 87' lang='lat' dir='ltr'>tueor</span> <span class='ocrx_word' id='word_1_132' title='bbox 628 1969 913 2021; x_wconf 74' lang='lat' dir='ltr'><strong>tempestatibus</strong></span> <span class='ocrx_word' id='word_1_133' title='bbox 917 1972 961 2013; x_wconf 89' lang='lat'><strong>;’&#39;</strong></span> <span class='ocrx_word' id='word_1_134' title='bbox 988 1971 1059 2009; x_wconf 91' lang='lat' dir='ltr'><strong>ubi</strong></span> <span class='ocrx_word' id='word_1_135' title='bbox 1087 1971 1205 2023; x_wconf 81' lang='lat' dir='ltr'>plane</span> <span class='ocrx_word' id='word_1_136' title='bbox 1235 1978 1297 2010; x_wconf 81' lang='lat' dir='ltr'><strong>est</strong></span> <span class='ocrx_word' id='word_1_137' title='bbox 1323 1973 1566 2023; x_wconf 83' lang='lat' dir='ltr'>praepositio,</span> <span class='ocrx_word' id='word_1_138' title='bbox 1597 1986 1690 2018; x_wconf 91' lang='lat' dir='ltr'><strong>non,</strong></span> 
     </span>
     <span class='ocr_line' id='line_1_19' title="bbox 150 2043 1693 2099; baseline 0.005 -19"><span class='ocrx_word' id='word_1_139' title='bbox 150 2049 197 2080; x_wconf 88' lang='lat' dir='ltr'><strong>ut</strong></span> <span class='ocrx_word' id='word_1_140' title='bbox 222 2043 265 2080; x_wconf 91' lang='lat' dir='ltr'><strong>in</strong></span> <span class='ocrx_word' id='word_1_141' title='bbox 296 2043 432 2081; x_wconf 85' lang='lat' dir='ltr'><strong>multis</strong></span> <span class='ocrx_word' id='word_1_142' title='bbox 459 2043 546 2081; x_wconf 81' lang='lat' dir='ltr'>aliis</span> <span class='ocrx_word' id='word_1_143' title='bbox 581 2043 813 2095; x_wconf 78' lang='lat' dir='ltr'><strong>hujusmodi</strong></span> <span class='ocrx_word' id='word_1_144' title='bbox 844 2045 1052 2097; x_wconf 85' lang='lat' dir='ltr'>exemplis,</span> <span class='ocrx_word' id='word_1_145' title='bbox 1089 2046 1371 2085; x_wconf 85' lang='lat' dir='ltr'>adverbialiter</span> <span class='ocrx_word' id='word_1_146' title='bbox 1403 2055 1572 2099; x_wconf 81' lang='lat' dir='ltr'><strong>sumpta.</strong></span> <span class='ocrx_word' id='word_1_147' title='bbox 1627 2049 1693 2088; x_wconf 90' lang='lat' dir='ltr'><strong>Sic</strong></span> 
     </span>
     <span class='ocr_line' id='line_1_20' title="bbox 154 2118 1692 2170; baseline 0.004 -14"><span class='ocrx_word' id='word_1_148' title='bbox 154 2118 266 2156; x_wconf 82' lang='lat' dir='ltr'><strong>Nost.</strong></span> <span class='ocrx_word' id='word_1_149' title='bbox 286 2118 433 2170; x_wconf 91' lang='lat' dir='ltr'><strong>Amph.</strong></span> <span class='ocrx_word' id='word_1_150' title='bbox 452 2124 552 2165; x_wconf 79' lang='lat'><em>3283</em></span> <span class='ocrx_word' id='word_1_151' title='bbox 572 2125 613 2157; x_wconf 86' lang='lat' dir='ltr'><strong>et</strong></span> <span class='ocrx_word' id='word_1_152' title='bbox 631 2122 706 2158; x_wconf 89' lang='grc'><strong>518</strong></span> <span class='ocrx_word' id='word_1_153' title='bbox 719 2134 731 2165; x_wconf 87' lang='grc'>;</span> <span class='ocrx_word' id='word_1_154' title='bbox 762 2125 788 2141; x_wconf 89' lang='grc'><strong>“</strong></span> <span class='ocrx_word' id='word_1_155' title='bbox 802 2119 894 2158; x_wconf 71' lang='lat' dir='ltr'><em>Post</em></span> <span class='ocrx_word' id='word_1_156' title='bbox 912 2134 1036 2159; x_wconf 79' lang='lat' dir='ltr'><strong>mense</strong></span> <span class='ocrx_word' id='word_1_157' title='bbox 1052 2121 1239 2160; x_wconf 83' lang='lat' dir='ltr'><strong>decumo.”</strong></span> <span class='ocrx_word' id='word_1_158' title='bbox 1279 2122 1380 2160; x_wconf 86' lang='lat' dir='ltr'><strong>Hor.</strong></span> <span class='ocrx_word' id='word_1_159' title='bbox 1398 2122 1478 2161; x_wconf 87' lang='lat' dir='ltr'><strong>Sat.</strong></span> <span class='ocrx_word' id='word_1_160' title='bbox 1498 2123 1531 2161; x_wconf 92' lang='lat'><strong>1.</strong></span> <span class='ocrx_word' id='word_1_161' title='bbox 1552 2136 1611 2161; x_wconf 76' lang='lat' dir='ltr'><strong>vx.</strong></span> <span class='ocrx_word' id='word_1_162' title='bbox 1629 2123 1692 2163; x_wconf 90' lang='lat'><strong>61.</strong></span> 
     </span>
     <span class='ocr_line' id='line_1_21' title="bbox 153 2193 1693 2250; baseline 0.003 -19"><span class='ocrx_word' id='word_1_163' title='bbox 153 2198 179 2214; x_wconf 91' lang='lat'><em>“</em></span> <span class='ocrx_word' id='word_1_164' title='bbox 195 2193 371 2232; x_wconf 76' lang='lat' dir='ltr'>Revocas</span> <span class='ocrx_word' id='word_1_165' title='bbox 385 2207 482 2231; x_wconf 84' lang='lat' dir='ltr'><strong>nono</strong></span> <span class='ocrx_word' id='word_1_166' title='bbox 495 2199 581 2244; x_wconf 81' lang='lat' dir='ltr'><strong>post</strong></span> <span class='ocrx_word' id='word_1_167' title='bbox 600 2195 759 2232; x_wconf 49' lang='lat' dir='ltr'><strong>mense?</strong></span> <span class='ocrx_word' id='word_1_168' title='bbox 788 2194 900 2245; x_wconf 86' lang='lat' dir='ltr'>Virg.</span> <span class='ocrx_word' id='word_1_169' title='bbox 917 2195 1001 2233; x_wconf 89' lang='lat' dir='ltr'><strong>Ecl.</strong></span> <span class='ocrx_word' id='word_1_170' title='bbox 1025 2196 1055 2233; x_wconf 91' lang='lat'><strong>1.</strong></span> <span class='ocrx_word' id='word_1_171' title='bbox 1074 2201 1136 2235; x_wconf 86' lang='lat'><strong>30.</strong></span> <span class='ocrx_word' id='word_1_172' title='bbox 1152 2203 1193 2234; x_wconf 85' lang='lat' dir='ltr'><strong>et</strong></span> <span class='ocrx_word' id='word_1_173' title='bbox 1212 2197 1300 2235; x_wconf 87' lang='lat' dir='ltr'><strong>AEn.</strong></span> <span class='ocrx_word' id='word_1_174' title='bbox 1317 2197 1389 2235; x_wconf 91' lang='lat' dir='ltr'><strong>VI.</strong></span> <span class='ocrx_word' id='word_1_175' title='bbox 1403 2203 1492 2243; x_wconf 87' lang='grc'><strong>409.</strong></span> <span class='ocrx_word' id='word_1_176' title='bbox 1520 2202 1546 2219; x_wconf 84' lang='grc'><strong>“</strong></span> <span class='ocrx_word' id='word_1_177' title='bbox 1558 2198 1693 2250; x_wconf 82' lang='lat' dir='ltr'><strong>Longo</strong></span> 
     </span>
    </p>
   </div>
   <div class='ocr_carea' id='block_1_11' title="bbox 147 2269 541 2319">
    <p class='ocr_par' dir='ltr' id='par_1_11' title="bbox 147 2269 541 2319">
     <span class='ocr_line' id='line_1_22' title="bbox 147 2269 541 2319; baseline -0.005 -14"><span class='ocrx_word' id='word_1_178' title='bbox 147 2273 234 2318; x_wconf 74' lang='lat' dir='ltr'><strong>post</strong></span> <span class='ocrx_word' id='word_1_179' title='bbox 253 2269 452 2319; x_wconf 57' lang='grc' dir='ltr'><strong>πωρον-εἶ’</strong></span> <span class='ocrx_word' id='word_1_180' title='bbox 470 2270 541 2307; x_wconf 85' lang='lat' dir='ltr'><strong>&amp;c.</strong></span> 
     </span>
    </p>
   </div>
   <div class='ocr_carea' id='block_1_12' title="bbox 200 2370 1691 2433">
    <p class='ocr_par' dir='ltr' id='par_1_12' title="bbox 200 2370 1691 2433">
     <span class='ocr_line' id='line_1_23' title="bbox 200 2370 1691 2433; baseline 0.002 -15"><span class='ocrx_word' id='word_1_181' title='bbox 200 2382 312 2415; x_wconf 77' lang='lat'><strong>1032.</strong></span> <span class='ocrx_word' id='word_1_182' title='bbox 377 2370 489 2419; x_wconf 88' lang='lat' dir='ltr'><strong>Hoc</strong></span> <span class='ocrx_word' id='word_1_183' title='bbox 519 2375 657 2433; x_wconf 85' lang='lat' dir='ltr'>erat.]</span> <span class='ocrx_word' id='word_1_184' title='bbox 716 2375 763 2417; x_wconf 78' lang='lat' dir='ltr'><strong>lt</strong></span> <span class='ocrx_word' id='word_1_185' title='bbox 788 2391 881 2418; x_wconf 73' lang='lat' dir='ltr'><strong>was</strong></span> <span class='ocrx_word' id='word_1_186' title='bbox 896 2378 976 2433; x_wconf 79' lang='lat' dir='ltr'><strong>sor</strong></span> <span class='ocrx_word' id='word_1_187' title='bbox 1000 2379 1088 2419; x_wconf 72' lang='lat' dir='ltr'><strong>this</strong></span> <span class='ocrx_word' id='word_1_188' title='bbox 1117 2392 1286 2421; x_wconf 77' lang='lat' dir='ltr'><strong>reason.</strong></span> <span class='ocrx_word' id='word_1_189' title='bbox 1342 2385 1508 2422; x_wconf 86' lang='lat' dir='ltr'>Confert</span> <span class='ocrx_word' id='word_1_190' title='bbox 1541 2385 1691 2423; x_wconf 73' lang='lat' dir='ltr'><strong>Lmn:</strong></span> 
     </span>
    </p>
   </div>
   <div class='ocr_carea' id='block_1_13' title="bbox 150 2458 1695 2809">
    <p class='ocr_par' dir='ltr' id='par_1_13' title="bbox 150 2458 1695 2809">
     <span class='ocr_line' id='line_1_24' title="bbox 151 2458 1694 2512; baseline -0.001 -15"><span class='ocrx_word' id='word_1_191' title='bbox 151 2458 267 2510; x_wconf 87' lang='lat' dir='ltr'>Virg.</span> <span class='ocrx_word' id='word_1_192' title='bbox 290 2459 380 2497; x_wconf 88' lang='lat' dir='ltr'><strong>AEn.</strong></span> <span class='ocrx_word' id='word_1_193' title='bbox 399 2459 456 2497; x_wconf 88' lang='grc' dir='ltr'><strong>ΙΙ.</strong></span> <span class='ocrx_word' id='word_1_194' title='bbox 476 2458 565 2499; x_wconf 82' lang='lat'><strong>664.</strong></span> <span class='ocrx_word' id='word_1_195' title='bbox 620 2466 646 2482; x_wconf 93' lang='lat'><strong>“</strong></span> <span class='ocrx_word' id='word_1_196' title='bbox 660 2459 748 2498; x_wconf 85' lang='lat' dir='ltr'><strong>Hoc</strong></span> <span class='ocrx_word' id='word_1_197' title='bbox 772 2466 870 2506; x_wconf 81' lang='lat' dir='ltr'><strong>erat,</strong></span> <span class='ocrx_word' id='word_1_198' title='bbox 894 2461 997 2499; x_wconf 84' lang='lat' dir='ltr'><strong>alma</strong></span> <span class='ocrx_word' id='word_1_199' title='bbox 1014 2475 1171 2512; x_wconf 83' lang='lat' dir='ltr'><strong>parens,</strong></span> <span class='ocrx_word' id='word_1_200' title='bbox 1199 2461 1308 2512; x_wconf 91' lang='lat' dir='ltr'><strong>quod</strong></span> <span class='ocrx_word' id='word_1_201' title='bbox 1327 2474 1392 2499; x_wconf 90' lang='lat' dir='ltr'><strong>me</strong></span> <span class='ocrx_word' id='word_1_202' title='bbox 1410 2473 1483 2511; x_wconf 88' lang='lat' dir='ltr'><strong>per</strong></span> <span class='ocrx_word' id='word_1_203' title='bbox 1500 2459 1592 2505; x_wconf 84' lang='lat' dir='ltr'><strong>tela,</strong></span> <span class='ocrx_word' id='word_1_204' title='bbox 1619 2472 1694 2510; x_wconf 89' lang='lat' dir='ltr'><strong>per</strong></span> 
     </span>
     <span class='ocr_line' id='line_1_25' title="bbox 150 2533 1692 2585; baseline 0.002 -15"><span class='ocrx_word' id='word_1_205' title='bbox 150 2533 264 2584; x_wconf 81' lang='lat' dir='ltr'>ignes</span> <span class='ocrx_word' id='word_1_206' title='bbox 289 2533 424 2584; x_wconf 84' lang='lat' dir='ltr'>Eripis</span> <span class='ocrx_word' id='word_1_207' title='bbox 435 2534 477 2570; x_wconf 89' lang='lat'><strong>?”</strong></span> <span class='ocrx_word' id='word_1_208' title='bbox 507 2533 607 2583; x_wconf 81' lang='lat' dir='ltr'>(was</span> <span class='ocrx_word' id='word_1_209' title='bbox 634 2533 668 2571; x_wconf 87' lang='lat' dir='ltr'>it</span> <span class='ocrx_word' id='word_1_210' title='bbox 695 2533 759 2571; x_wconf 88' lang='lat' dir='ltr'><strong>for</strong></span> <span class='ocrx_word' id='word_1_211' title='bbox 786 2533 915 2585; x_wconf 82' lang='lat' dir='ltr'>this?)</span> <span class='ocrx_word' id='word_1_212' title='bbox 970 2535 1169 2574; x_wconf 78' lang='lat' dir='ltr'><strong>Caeterum</strong></span> <span class='ocrx_word' id='word_1_213' title='bbox 1197 2535 1374 2574; x_wconf 85' lang='lat' dir='ltr'><strong>tironum</strong></span> <span class='ocrx_word' id='word_1_214' title='bbox 1402 2534 1532 2585; x_wconf 82' lang='lat' dir='ltr'>gratia</span> <span class='ocrx_word' id='word_1_215' title='bbox 1558 2534 1692 2573; x_wconf 81' lang='lat' dir='ltr'>obser-</span> 
     </span>
     <span class='ocr_line' id='line_1_26' title="bbox 152 2607 1692 2660; baseline 0.001 -15"><span class='ocrx_word' id='word_1_216' title='bbox 152 2607 327 2645; x_wconf 83' lang='lat' dir='ltr'><strong>vandum</strong></span> <span class='ocrx_word' id='word_1_217' title='bbox 352 2614 414 2646; x_wconf 85' lang='lat' dir='ltr'><strong>est</strong></span> <span class='ocrx_word' id='word_1_218' title='bbox 429 2607 505 2651; x_wconf 68' lang='lat' dir='ltr'><strong>Jtoc</strong></span> <span class='ocrx_word' id='word_1_219' title='bbox 531 2620 611 2645; x_wconf 90' lang='lat' dir='ltr'><strong>non</strong></span> <span class='ocrx_word' id='word_1_220' title='bbox 638 2620 723 2645; x_wconf 83' lang='lat' dir='ltr'>esse</span> <span class='ocrx_word' id='word_1_221' title='bbox 749 2607 787 2645; x_wconf 89' lang='lat' dir='ltr'><strong>h.</strong></span> <span class='ocrx_word' id='word_1_222' title='bbox 806 2607 833 2645; x_wconf 91' lang='lat' dir='ltr'><strong>l.</strong></span> <span class='ocrx_word' id='word_1_223' title='bbox 863 2608 1167 2654; x_wconf 73' lang='lat' dir='ltr'><strong>nominativum,</strong></span> <span class='ocrx_word' id='word_1_224' title='bbox 1198 2609 1308 2660; x_wconf 89' lang='lat' dir='ltr'><strong>quod</strong></span> <span class='ocrx_word' id='word_1_225' title='bbox 1336 2608 1427 2660; x_wconf 87' lang='lat' dir='ltr'>quis</span> <span class='ocrx_word' id='word_1_226' title='bbox 1454 2608 1692 2659; x_wconf 81' lang='lat' dir='ltr'><strong>suspicetur,</strong></span> 
     </span>
     <span class='ocr_line' id='line_1_27' title="bbox 152 2681 1695 2735; baseline 0 -15"><span class='ocrx_word' id='word_1_227' title='bbox 152 2682 222 2720; x_wconf 82' lang='lat' dir='ltr'><strong>sed</strong></span> <span class='ocrx_word' id='word_1_228' title='bbox 252 2681 483 2728; x_wconf 80' lang='lat' dir='ltr'><strong>ablativum,</strong></span> <span class='ocrx_word' id='word_1_229' title='bbox 516 2682 581 2721; x_wconf 87' lang='lat' dir='ltr'><strong>vel</strong></span> <span class='ocrx_word' id='word_1_230' title='bbox 609 2682 894 2728; x_wconf 84' lang='lat' dir='ltr'><strong>accusativum,</strong></span> <span class='ocrx_word' id='word_1_231' title='bbox 927 2683 1159 2734; x_wconf 80' lang='lat' dir='ltr'><strong>(subaudito</strong></span> <span class='ocrx_word' id='word_1_232' title='bbox 1174 2714 1175 2717; x_wconf 57' lang='grc'>,</span> <span class='ocrx_word' id='word_1_233' title='bbox 1190 2682 1248 2729; x_wconf 87' lang='lat' dir='ltr'><strong>ob,</strong></span> <span class='ocrx_word' id='word_1_234' title='bbox 1282 2684 1345 2722; x_wconf 89' lang='lat' dir='ltr'><strong>vel</strong></span> <span class='ocrx_word' id='word_1_235' title='bbox 1368 2683 1563 2735; x_wconf 57' lang='lat' dir='ltr'><strong>propter)</strong></span> <span class='ocrx_word' id='word_1_236' title='bbox 1590 2682 1695 2722; x_wconf 73' lang='lat' dir='ltr'>sieut</span> 
     </span>
     <span class='ocr_line' id='line_1_28' title="bbox 152 2756 1695 2809; baseline 0.001 -14"><span class='ocrx_word' id='word_1_237' title='bbox 152 2757 194 2795; x_wconf 89' lang='lat' dir='ltr'><strong>in</strong></span> <span class='ocrx_word' id='word_1_238' title='bbox 222 2756 414 2807; x_wconf 71' lang='lat' dir='ltr'><strong>exemplis</strong></span> <span class='ocrx_word' id='word_1_239' title='bbox 440 2756 531 2802; x_wconf 76' lang='lat' dir='ltr'>illis,</span> <span class='ocrx_word' id='word_1_240' title='bbox 559 2756 660 2795; x_wconf 89' lang='lat' dir='ltr'><strong>Hor.</strong></span> <span class='ocrx_word' id='word_1_241' title='bbox 685 2756 765 2795; x_wconf 80' lang='lat' dir='ltr'><strong>Sat.</strong></span> <span class='ocrx_word' id='word_1_242' title='bbox 787 2756 820 2794; x_wconf 92' lang='grc' dir='ltr'><strong>Ι.</strong></span> <span class='ocrx_word' id='word_1_243' title='bbox 843 2769 871 2794; x_wconf 91' lang='lat'><strong>1.</strong></span> <span class='ocrx_word' id='word_1_244' title='bbox 898 2756 960 2795; x_wconf 81' lang='lat'><strong>46.</strong></span> <span class='ocrx_word' id='word_1_245' title='bbox 1015 2757 1150 2796; x_wconf 89' lang='lat' dir='ltr'><strong>“Non</strong></span> <span class='ocrx_word' id='word_1_246' title='bbox 1179 2765 1273 2796; x_wconf 82' lang='lat' dir='ltr'><strong>tuus</strong></span> <span class='ocrx_word' id='word_1_247' title='bbox 1303 2757 1372 2796; x_wconf 76' lang='lat' dir='ltr'><strong>hoc</strong></span> <span class='ocrx_word' id='word_1_248' title='bbox 1399 2757 1531 2809; x_wconf 78' lang='lat' dir='ltr'>capiet</span> <span class='ocrx_word' id='word_1_249' title='bbox 1556 2764 1695 2796; x_wconf 72' lang='lat' dir='ltr'>venter</span> 
     </span>
    </p>
   </div>
   <div class='ocr_carea' id='block_1_14' title="bbox 152 2829 1694 2940">
    <p class='ocr_par' dir='ltr' id='par_1_14' title="bbox 152 2829 1694 2940">
     <span class='ocr_line' id='line_1_29' title="bbox 152 2829 1694 2882; baseline 0.001 -15"><span class='ocrx_word' id='word_1_250' title='bbox 152 2830 243 2881; x_wconf 86' lang='lat' dir='ltr'><strong>plus</strong></span> <span class='ocrx_word' id='word_1_251' title='bbox 268 2843 388 2881; x_wconf 82' lang='lat' dir='ltr'><strong>quam</strong></span> <span class='ocrx_word' id='word_1_252' title='bbox 411 2832 564 2871; x_wconf 55' lang='lat' dir='ltr'><strong>meusss&#39;,</strong></span> <span class='ocrx_word' id='word_1_253' title='bbox 584 2829 653 2882; x_wconf 88' lang='lat' dir='ltr'><strong>(on</strong></span> <span class='ocrx_word' id='word_1_254' title='bbox 680 2829 761 2869; x_wconf 87' lang='lat' dir='ltr'>this</span> <span class='ocrx_word' id='word_1_255' title='bbox 785 2831 982 2880; x_wconf 79' lang='lat' dir='ltr'><strong>account.)</strong></span> <span class='ocrx_word' id='word_1_256' title='bbox 1036 2832 1153 2869; x_wconf 85' lang='lat' dir='ltr'><strong>Corn.</strong></span> <span class='ocrx_word' id='word_1_257' title='bbox 1180 2832 1282 2882; x_wconf 85' lang='lat' dir='ltr'><strong>Nep.</strong></span> <span class='ocrx_word' id='word_1_258' title='bbox 1304 2831 1478 2870; x_wconf 85' lang='lat' dir='ltr'><strong>xlv.-in</strong></span> <span class='ocrx_word' id='word_1_259' title='bbox 1502 2831 1694 2876; x_wconf 78' lang='lat' dir='ltr'><strong>Datame3</strong></span> 
     </span>
     <span class='ocr_line' id='line_1_30' title="bbox 260 2907 309 2940; baseline -0.02 0"><span class='ocrx_word' id='word_1_260' title='bbox 260 2907 309 2940; x_wconf 70' lang='lat'><strong>⁶28</strong></span> 
     </span>
    </p>
   </div>
  </div>
 </body>
</html>
