1864 3152
639 217 706 260 IN
740 219 1194 264 AULULARIAM.
1592 226 1679 271 119

218 539 257 564 v.
280 531 317 565 2.
372 524 545 565 Ocnus
592 527 888 585 mussans]
954 528 1124 582 P-rying
1166 541 1290 580 eye&
1341 526 1542 583 pem-ing.
1613 529 1679 568 Ab

142 606 293 649 emittm·
319 607 443 646 veluti
467 621 508 646 se
531 607 789 660 ejaculantur.
827 611 948 649 FAcc.
1004 610 1071 648 Sic
1091 609 1236 648 Bacch.
1260 614 1319 648 10.
1374 614 1401 631 “
1412 608 1462 646 Id
1483 615 1546 646 est
1570 605 1679 658 quod

142 677 347 716 emis-silius
390 679 506 724 Fora,
559 681 740 731 templa„
754 710 764 718 .
779 710 807 718 ..
854 682 1056 733 quaesierit
1100 681 1273 720 sedulo.’'
1346 678 1678 731 (Inquisitively.)

144 752 229 790 Mil.
259 757 347 798 981.
403 759 429 776 “
444 753 587 792 Viden'
610 761 656 792 tu
684 754 792 792 illam
816 755 938 793 oculis
964 761 1188 794 venaturam
1199 754 1344 805 facere
1354 754 1400 791 .9”
1456 753 1679 806 (Hawking

141 842 255 880 εφη,-
285 829 490 880 SnAxsr.)
546 831 566 843 ''
582 830 646 868 Ita
672 830 833 869 directis
859 839 905 869 ut
931 831 1040 870 exire
1067 830 1318 869 videantur.“
1372 831 1478 868 Con.
1509 831 1586 868 Ms.

214 951 253 983 3.
315 937 444 987 Nam
479 957 560 988 cur
575 942 622 1001 Ρ]
686 945 807 998 Pray
850 943 949 986 then
993 947 1091 998 why
1108 947 1128 986 Ρ
1192 948 1302 986 Infra
1331 953 1366 987 5.
1422 948 1676 988 stomachose

138 1023 302 1062 dictum.
357 1022 463 1062 Vide
492 1024 621 1062 Gloss.
644 1025 687 1062 in
712 1025 823 1063 Men.
848 1030 933 1065 150.
989 1024 1130 1063 “Nam
1158 1023 1251 1077 quid
1274 1024 1382 1062 modi
1410 1025 1593 1062 futurum
1615 1033 1676 1063 est

137 1097 250 1135 illum
284 1100 513 1149 quaerere?”
570 1098 622 1137 Et
649 1099 752 1138 adde
783 1099 977 1151 exemplis
1007 1099 1064 1138 ibi
1097 1100 1239 1143 citatis,
1273 1095 1389 1137 Cure.
1417 1103 1476 1137 12.
1531 1098 1672 1137 “Nam

137 1183 211 1221 quo
244 1177 284 1208 te
313 1169 442 1209 dicam
477 1170 588 1209 ire?’'
645 1170 778 1223 (Pray
809 1185 901 1209 now
934 1154 1112 1222 rbhere?)
1170 1171 1314 1210 Bacch.
1348 1175 1460 1215 1087.
1516 1171 1672 1216 “Nam‚

135 1246 287 1290 amabo,
315 1245 383 1298 qui
406 1259 500 1285 oves
524 1247 595 1285 has
613 1247 800 1298 adegit?''
847 1247 966 1296 (Who
983 1260 1086 1299 pray
1111 1247 1183 1284 has
1203 1247 1392 1297 driven?)
1442 1246 1671 1285 Notandum

134 1328 267 1358 autem
302 1320 388 1359 haec
425 1322 546 1359 verba
575 1322 656 1359 vim
692 1321 903 1359 maximam
934 1321 1093 1366 habere,
1128 1321 1197 1359 ubi
1231 1335 1318 1358 nam
1346 1322 1580 1360 sententiam
1610 1323 1670 1360 in-

135 1394 245 1445 cipit,
283 1401 329 1432 ut
359 1395 435 1433 hoc
469 1396 578 1434 loco:
608 1391 840 1447 Aliquando
873 1395 992 1434 etiam
1030 1396 1098 1433 ubi
1131 1409 1202 1447 per
1234 1396 1390 1441 tmesin‚
1423 1396 1510 1434 aliis
1540 1398 1671 1435 verbis

134 1468 364 1520 interjectis,
384 1468 697 1520 disjunguntur3
728 1469 775 1507 E.
789 1483 829 1520 g.
867 1470 979 1507 Infra
998 1469 1059 1515 96.
1080 1474 1167 1507 381.
1187 1475 1228 1507 et
1245 1468 1395 1520 Amph.
1415 1475 1503 1514 437.
1544 1475 1569 1492 “
1587 1468 1671 1512 Quo

132 1542 187 1588 id,
215 1543 377 1587 malum,
404 1550 522 1594 pacto
546 1550 677 1594 potest
702 1556 789 1580 nam
802 1542 847 1579 ,9⁰
903 1542 1045 1580 Bacch.
1074 1547 1186 1587 1079.
1241 1548 1266 1564 “
1283 1541 1388 1584 Quid
1413 1542 1487 1580 tibi
1514 1556 1562 1581 ex
1589 1543 1670 1580 filio

132 1630 232 1661 nam,
259 1618 436 1661 obsecro,
464 1630 570 1668 aegre
597 1617 707 1655 est?’¹
763 1614 922 1661 Quibus
951 1613 1046 1652 locis
1073 1621 1133 1651 est
1159 1627 1239 1651 cum
1266 1612 1520 1651 admiratione
1547 1614 1667 1653 inter·

134 1693 321 1743 rogantis.

203 1815 239 1847 4.
305 1802 491 1850 Malam
516 1803 741 1861 &etat-em]
807 1810 907 1848 Haec
930 1810 1053 1848 verba
1075 1822 1150 1860 pro
1167 1814 1390 1847 senectutem
1412 1809 1508 1861 poni
1531 1810 1664 1848 obser-

130 1892 224 1925 vant
254 1885 430 1938 Interpp.
458 1887 527 1937 qui
554 1887 677 1925 citant
703 1886 808 1924 Men.
828 1885 917 1925 660.
974 1892 1000 1908 “
1014 1885 1072 1924 Ut
1100 1891 1196 1924 oetas
1217 1886 1320 1924 mala
1346 1894 1406 1924 est
1428 1897 1539 1924 merx
1564 1887 1665 1925 mala

127 1974 223 2012 ergo
237 1962 271 1998 !”
326 1961 428 1999 Rud.
457 1967 545 2000 251.
602 1961 649 1998 T.
679 1960 828 2007 “Quid
859 1968 906 1998 tu
937 1961 1047 2011 agis?
1104 1960 1155 1997 A.
1184 1960 1349 1998 AEtatem
1388 1961 1494 1998 haud
1524 1962 1661 1999 malam

126 2034 264 2073 male.''
318 2032 397 2073 Sed
423 2031 499 2073 hoc
525 2031 611 2073 loco
635 2042 767 2086 potest
787 2049 872 2073 esse
899 2032 1039 2072 malam
1066 2047 1140 2085 pro
1163 2031 1294 2084 simpl.
1319 2032 1507 2079 miseram,
1537 2033 1663 2083 (That

125 2121 206 2159 you
231 2120 322 2158 may
341 2107 441 2159 drag
463 2121 514 2146 on
539 2122 563 2146 a
580 2107 778 2147 miserable
802 2108 1000 2147 existence
1021 2122 1065 2146 as
1089 2121 1170 2158 you
1193 2107 1387 2159 deserve.)
1415 2122 1507 2147 nam
1525 2110 1661 2148 eadem

125 2189 185 2221 est
212 2183 405 2221 sententia
427 2183 576 2234 Amph.
597 2184 684 2227 871.
740 2184 790 2221 Α.
821 2190 847 2206 “
863 2184 956 2232 Quo
973 2184 1118 2221 modo?
1178 2183 1232 2220 M.
1263 2180 1325 2221 Eo
1344 2178 1474 2229 modo,
1504 2193 1550 2223 ut
1568 2197 1660 2236 pro-

125 2256 230 2295 fecto
257 2256 366 2294 vivas
393 2262 540 2295 oetatem
570 2257 718 2296 miser.'’

197 2376 232 2410 5.
298 2363 425 2413 Nam
452 2383 544 2430 qua
568 2382 705 2414 causa
719 2369 766 2427 Ρ]
816 2368 906 2411 For
930 2371 1047 2411 what
1070 2385 1239 2419 reason,
1263 2372 1411 2424 pray?
1475 2375 1603 2426 Supra
1622 2380 1657 2414 3.

196 2490 235 2529 6.
301 2486 611 2535 Stimulorum
637 2490 805 2552 seges]
857 2496 963 2536 Vide
982 2497 1095 2536 Nott.
1114 2505 1155 2536 et
1172 2498 1273 2536 adde
1293 2497 1406 2548 capt.
1424 2502 1512 2540 878.
1555 2502 1581 2519 “
1595 2497 1656 2536 Ex

123 2571 197 2610 hac
227 2576 355 2610 statua
386 2572 560 2611 verberea
594 2574 684 2611 volo
716 2574 946 2634 crogitare.’'
1001 2575 1146 2613 Catull.
1180 2575 1310 2613 Carm.
1339 2574 1401 2613 46.
1456 2574 1588 2612 “Non
1623 2575 1656 2612 si

122 2644 279 2683 densior
301 2646 421 2684 aridis
449 2647 578 2686 aristis
608 2648 659 2688 sit
686 2655 832 2686 nostrae
858 2661 965 2700 seges
993 2649 1281 2688 osculationis.”
1309 2661 1384 2699 pro
1406 2648 1516 2700 larga
1543 2649 1658 2700 copia

122 2719 335 2757 basiorum.
