1864 3152
645 242 713 283 IN
748 240 1184 283 MENAECHMOS.
1585 238 1670 292 127

222 379 287 418 26.
350 372 616 434 Alterum]
681 378 776 419 One
797 377 936 432 oftlze
958 382 1054 418 two.
1117 379 1209 418 Hoc
1237 378 1342 417 enim
1373 375 1471 415 atter
1497 377 1546 414 ab
1574 376 1675 414 azius

152 460 283 504 distat,
312 459 420 510 quod
443 458 509 498 hic
526 459 576 498 de
597 459 780 510 pluribus
798 458 965 504 dicatur,
990 458 1056 496 ille
1080 457 1130 496 de
1148 457 1305 495 duobus
1323 462 1488 493 tantum.
1541 456 1562 468 ''
1575 453 1674 500 Qui-

152 534 285 579 dam,“
321 534 375 572 ait
403 534 557 578 Festus,
586 533 859 572 ”arbitrantur
888 532 1037 571 factum
1077 545 1162 570 esse
1197 545 1220 569 a
1251 530 1401 568 Graecis
1437 529 1676 567 dictionibus

151 609 264 647 ἄλλος
287 608 458 662 ἔτερος.“
512 608 580 648 Sic
605 608 760 654 Neuter,
790 608 899 646 Infra
918 607 1008 653 688,
1034 620 1109 659 pro
1130 619 1175 645 ne
1198 611 1293 651 uter,
1317 605 1372 657 (h.
1391 619 1426 644 e.
1448 619 1494 643 ne
1514 603 1675 657 ἔτερος.)

225 753 288 791 27·
350 733 651 801 Tarentum]
708 749 841 787 Hodie
873 748 1053 787 Tarento.
1104 746 1244 785 ”Urbs
1271 745 1402 797 ampla
1427 746 1468 783 in
1496 759 1542 784 ea
1563 752 1681 797 parte

155 829 278 868 Italiae
305 841 396 879 quae
422 827 569 866 dicitur
597 827 745 878 Magna
770 827 938 872 Graecia,
963 826 1014 864 ad
1036 825 1165 864 sinum
1187 824 1446 863 Tarentinum
1470 824 1555 870 sita,
1582 824 1677 862 olim

152 903 266 942 valde
293 909 445 954 potens,
476 908 517 940 et
547 901 749 953 praecipue
775 908 1007 940 mercaturae
1034 899 1178 939 dedita.
1232 898 1425 937 Conditor
1451 899 1530 938 fuit
1551 900 1678 938 Taras

156 976 333 1028 Neptuni
358 975 502 1014 filius.“
556 975 675 1013 FAcc.

225 1140 292 1148 -
351 1107 440 1156 Ad
462 1110 758 1168 mercatum]
828 1111 893 1152 To
914 1111 1095 1167 trafficlc.
1153 1114 1275 1152 Mero.
1296 1113 1398 1151 Prol.
1420 1119 1480 1152 11.
1520 1120 1547 1138 “
1562 1114 1679 1154 Pater

153 1197 207 1235 ad
232 1202 434 1236 mercatum
461 1196 555 1235 hinc
580 1209 644 1235 me
671 1209 783 1234 meus
809 1195 918 1233 misit
945 1194 1167 1233 Rhodum.”
1221 1194 1333 1232 Infra
1362 1199 1473 1233 1010.

227 1329 290 1364 30.
354 1319 588 1368 Mortales
623 1317 806 1379 multi]
877 1322 915 1364 A
941 1326 1086 1376 great*
1104 1322 1257 1363 crowd.
1323 1326 1426 1365 Gen.
1455 1326 1578 1366 xm.
1605 1333 1680 1375 283

156 1407 296 1457 Longe
315 1419 399 1445 esse
425 1405 607 1458 amplius,
635 1406 702 1451 ait,
731 1406 773 1443 in
791 1404 1048 1456 significanda
1066 1404 1188 1442 totius
1215 1417 1340 1455 prope
1359 1404 1530 1444 civitatis
1549 1407 1682 1445 multi-

155 1482 306 1527 tudine,
343 1481 517 1520 mortales
543 1494 662 1533 quam
693 1480 856 1519 homines
891 1480 1058 1518 dixisse:
1098 1480 1237 1517 ”Nam
1267 1479 1465 1518 multorum
1500 1481 1683 1520 hominum

155 1556 379 1608 appellatio,
411 1555 514 1595 inter
541 1555 742 1595 modicum
769 1569 928 1607 quoque
954 1568 1165 1593 numerum
1192 1554 1368 1593 cohiberi
1391 1562 1517 1606 atque
1532 1556 1683 1595 includi

157 1638 299 1684 potest,
327 1630 432 1669 multi
459 1637 591 1670 autem
618 1631 794 1669 mortales
816 1631 949 1669 nescio
971 1644 1052 1681 quo
1074 1636 1204 1681 pact0,
1232 1636 1272 1668 et
1294 1630 1467 1681 quodam
1488 1645 1604 1670 sensu
1624 1632 1684 1670 in-

157 1706 380 1752 enarrabili,
416 1719 532 1745 omne
566 1707 649 1745 fere
680 1719 807 1757 genus
843 1705 952 1756 quod
986 1705 1028 1743 in
1064 1704 1223 1744 civitate
1255 1712 1327 1751 est,
1360 1712 1402 1744 et
1431 1706 1615 1746 ordinum
1646 1715 1686 1748 et

155 1782 332 1821 aetatium
376 1788 417 1820 et
451 1795 581 1827 sexus,
627 1780 980 1832 comprehendunt.
1041 1780 1162 1828 Quod
1197 1781 1347 1821 scilicet
1382 1781 1684 1834 Quadrigarius,

151 1857 359 1909 ingentem
385 1862 505 1908 atque
540 1856 806 1908 promiscuam
837 1854 1134 1893 multitudinem
1162 1855 1299 1894 volens
1326 1856 1546 1903 ostendere,
1581 1863 1685 1897 ‘cum

154 1931 285 1986 multis
312 1930 533 1970 mortalibus
565 1930 772 1969 Metellum
800 1930 843 1967 in
872 1928 1114 1981 Capitolium
1138 1929 1303 1968 venisse’
1332 1930 1446 1976 dixit,
1473 1930 1686 1983 ἐμφατικῶ-

159 2024 270 2061 τερον
304 2021 424 2059 quam
459 2006 493 2045 si
527 2019 618 2045 cum
653 2006 788 2044 multis
819 2005 1046 2043 hominibus
1081 2005 1284 2044 dixisset.“
1337 2006 1429 2046 Hoc
1460 2021 1577 2046 sensu
1606 2009 1687 2048 Cic.

160 2082 253 2121 Div.
272 2088 308 2121 5.
347 2086 374 2104 “
385 2080 570 2120 Defende
587 2080 695 2119 enim
712 2079 846 2118 multos
863 2078 1052 2126 mortales,
1070 2079 1215 2118 multas
1232 2079 1423 2127 civitates,
1441 2082 1686 2133 provinciam

161 2156 335 2195 Siciliam
364 2158 521 2195 totam.”
574 2154 713 2194 Addas
749 2154 843 2193 Sall.
875 2154 961 2192 Cat.
992 2167 1077 2206 cap.
1105 2159 1167 2192 52.
1221 2154 1400 2194 ”Multos
1434 2157 1609 2195 mortales
1643 2171 1687 2196 ea

160 2245 278 2271 causa
303 2231 488 2270 adversos
510 2231 672 2269 habe0.”
724 2229 782 2268 Et
802 2230 899 2281 Jug.
917 2243 950 2268 c.
969 2241 1040 2269 xx.
1094 2228 1279 2268 “Multos
1306 2230 1479 2269 mortales
1505 2245 1597 2270 cum
1617 2246 1685 2284 pe-

163 2320 252 2346 core
279 2312 400 2358 atque
427 2305 503 2344 alia
529 2304 666 2357 praeda
691 2304 831 2356 capit.''
886 2304 946 2342 Ib.
970 2317 1004 2342 c.
1022 2315 1181 2341 xxvlu.
1235 2304 1420 2343 “Multos
1446 2306 1622 2344 mortales
1647 2314 1687 2345 et

162 2382 280 2420 urbes
323 2380 477 2432 aliquot
518 2379 735 2431 pugnando
778 2378 920 2430 capit.''
974 2377 1160 2416 Similiter
1198 2378 1258 2416 Ib.
1306 2378 1482 2417 “Omnes
1511 2380 1688 2419 mortales

163 2455 331 2506 pecunia
371 2454 690 2506 aggrediantur.’'
743 2452 835 2500 Quo
879 2465 997 2491 sensu
1041 2452 1160 2491 etiam
1197 2453 1338 2491 Horat,
1375 2452 1454 2491 Sat.
1477 2453 1511 2491 Ι.
1539 2466 1599 2494 v1.
1623 2460 1687 2502 31.

167 2534 191 2551 “
206 2528 340 2567 Omnes
365 2528 539 2567 mortales
564 2540 701 2566 curare
728 2534 768 2565 et
794 2540 970 2577 quaerere
997 2527 1138 2577 cogit.''

240 2675 306 2682 —-
365 2647 443 2696 Ut
465 2648 526 2697 ad
546 2646 718 2708 ludos.]
778 2650 838 2691 As
858 2652 896 2692 z‘s
919 2652 1054 2693 usual
1076 2655 1118 2692 to
1138 2652 1288 2692 shows.
1356 2656 1407 2698 Ut
1434 2655 1509 2696 hac
1536 2656 1685 2708 signifi-

168 2734 319 2773 catione
337 2747 416 2772 non
433 2747 520 2773 raro
536 2734 719 2774 occurrit.
764 2734 841 2773 Ov.
860 2734 979 2773 Trist.
998 2735 1029 2772 Ι.
1047 2747 1075 2772 1.
1097 2740 1155 2778 17.
1201 2739 1228 2756 “
1245 2734 1296 2773 Ut
1313 2734 1356 2773 in
1372 2735 1558 2787 populo.”
1609 2737 1686 2787 (As

167 2810 200 2848 is
226 2809 294 2847 the
322 2810 435 2860 case.)
462 2811 532 2849 &c.
586 2810 648 2849 Ita
673 2810 780 2860 apud
807 2809 966 2849 Graeeos
994 2809 1037 2847 ω’ς·
1064 2815 1288 2861 usurpatur.
