1864 3152
152 226 241 269 212
592 236 777 272 ιΝοΕΧ
812 236 875 272 ιΝ
908 236 1304 272 ΑυιῦιΑΒιΑΜ.

152 352 336 406 Polypoo.
367 358 453 394 155.

150 426 284 467 Pone!
312 432 401 474 591.

150 500 266 554 Popli
284 501 564 554 prostibulum.
592 508 681 542 241.

148 573 380 627 Populares.
409 573 497 615 360.

148 648 371 689 Porcinam.
400 649 611 701 (earnem.)
640 655 730 695 829.

148 723 328 764 Poscere.
356 723 489 776 proin
503 725 702 778 poscendo.
738 729 829 771 295.

147 796 314 836 Possies.
341 810 416 849 pro
428 797 567 850 poesis.
595 803 685 843 704.

148 873 254 912 Post.
280 886 355 926 pro
368 878 515 926 postea.
552 879 641 915 380.

149 946 256 987 Post.
285 947 580 1002 (Aflerwarde.)
608 949 696 994 706.

150 1019 249 1060 Post
263 1019 414 1061 itidem.
442 1026 504 1067 79.

149 1097 368 1138 Pom-emo.
395 1099 467 1150 (At
486 1098 596 1150 last.)
624 1098 714 1139 611.

150 1173 378 1213 Postumus.
407 1173 617 1226 (Nomen.)
650 1180 735 1213 121.

151 1248 300 1288 Potem.
335 1248 573 1301 propalabo.
601 1254 689 1289 525.

150 1323 241 1364 1²1·ae
259 1338 393 1377 quam.
419 1324 509 1365 461.

152 1398 324 1439 Praeberi
342 1400 463 1452 ligna.
490 1399 580 1440 366.

149 1473 371 1514 Praeddam
388 1474 579 1527 linguam.
611 1476 696 1515 146.

150 1548 401 1589 Praecurram
418 1549 527 1590 illuc.
555 1549 644 1591 632.

151 1623 362 1665 Praedicas.
388 1624 477 1665 642.

152 1697 340 1737 Praedieo.
357 1698 469 1737 —is.
495 1697 560 1738 60.

154 1773 391 1813 Praefectum
408 1774 598 1813 moribus.
625 1779 714 1814 458.

153 1848 604 1901 Praegnantem'feoerit.
635 1855 722 1889 120.

153 1923 402 1976 Praesagibat
417 1924 585 1964 animus.
619 1930 702 1965 185.

153 1998 434 2051 Praesegmina.
462 1998 551 2039 268.

154 2073 338 2114 Proesene
350 2086 427 2127 pro
439 2073 647 2126 proeterito.
674 2080 762 2114 423.

157 2147 436 2199 Proeatigiator.
465 2151 551 2187 584.

154 2221 382 2261 Praetorem.
414 2226 502 2265 272.
530 2220 618 2267 716.

156 2298 347 2339 Prehenai
366 2297 499 2338 simus.
528 2299 616 2343 706.

158 2372 280 2413 Pretii
296 2372 422 2425 parvi.
450 2377 538 2417 747.

156 2450 330 2491 Pridem.
356 2449 446 2494 267.
473 2456 562 2495 271.

156 2524 238 2565 Pro
254 2523 379 2578 copia.
412 2524 499 2571 496.

156 2596 238 2637 Pro
254 2609 309 2637 re.
337 2596 426 2644 496.

155 2672 349 2713 Proba-e
367 2684 506 2725 nugas.
535 2677 623 2716 783.

159 2748 404 2799 prodegeris.
433 2752 519 2786 334.

984 354 1168 394 Profecto
1186 354 1303 406 (die).
1331 360 1420 395 335.

987 428 1244 468 Prohibesais.
1272 428 1362 469 565.

988 505 1204 558 Ρῐορεηῐε
1222 519 1407 558 propero.
1437 511 1522 547 138.

988 579 1159 632 Propere
1171 590 1349 632 propero
1366 593 1536 620 currere.
1569 585 1658 624 347.

984 655 1218 708 Propinqua
1232 656 1447 708 partitudo.
1474 655 1537 697 36.

988 729 1155 781 Propola
1172 729 1377 770 linteones.
1404 728 1494 770 466.

986 806 1226 858 Prorogatur
1243 820 1344 859 spes.
1370 806 1458 847 486.

987 880 1256 920 prostibulum
1273 881 1396 933 popli.
1423 886 1512 921 241.

985 954 1223 994 Proxumam
1260 954 1335 994 tibi
1370 968 1435 994 me
1469 954 1649 1006 mihique
1682 962 1735 994 te.

1065 1033 1126 1074 89·

989 1103 1139 1141 Pumex
1157 1116 1237 1141 non
1255 1117 1371 1156 aeque
1387 1104 1535 1143 aridus.
1562 1109 1652 1143 253.

986 1177 1172 1217 Pulcram
1189 1178 1366 1229 praedam
1383 1186 1487 1230 agat.
1515 1178 1603 1218 564.

985 1254 1255 1293 pulmentum.
1282 1259 1372 1298 271.

988 1328 1139 1367 Punica
1155 1327 1316 1367 laterna.
1346 1334 1435 1367 521.

985 1400 1094 1440 Pure
1112 1400 1273 1440 vascula
1287 1413 1471 1453 propera.
1498 1400 1587 1440 226.

985 1472 1210 1525 Purgitant.
1243 1478 1331 1517 710.

988 1549 1212 1600 Purpuram
1232 1555 1354 1600 atque
1371 1561 1527 1589 aurum.
1558 1554 1648 1590 454.

988 1622 1156 1662 Putatur
1173 1622 1286 1662 ratio.
1315 1627 1404 1662 482.

989 1698 1124 1737 Puteo.
1151 1703 1241 1745 319.

988 1772 1171 1813 Puteum.
1197 1778 1287 1814 301.

986 1996 1079 2045 Qua
1095 1996 1233 2048 gratia.
1264 2002 1351 2043 889.

986 2073 1283 2121 Quadrilibrem
1301 2074 1442 2112 aulam.
1471 2073 1559 2118 766.
1580 2079 1667 2118 777.

986 2150 1090 2199 Quae
1106 2162 1170 2188 rea
1187 2156 1295 2188 recte
1313 2156 1452 2188 vortat.
1485 2154 1570 2192 175.

986 2224 1154 2273 Quoenti.
1182 2236 1256 2276 pro
1274 2229 1453 2276 quoeelur.
1482 2229 1543 2262 44.

986 2298 1120 2346 Quam
1154 2310 1346 2350 proxume
1387 2304 1468 2335 tam
1510 2303 1731 2348 optumum.

1069 2378 1153 2419 198.

987 2450 1118 2499 Quam
1138 2462 1220 2489 rem
1239 2462 1375 2501 geram
1394 2448 1488 2488 scio.
1514 2447 1601 2487 368.

988 2523 1172 2572 Quando.
1200 2536 1317 2563 sensu
1333 2527 1543 2576 postquam.
1577 2524 1615 2560 P.
1636 2528 1671 2568 9.

988 2597 1193 2646 Quantum
1211 2606 1283 2638 est.
1311 2603 1399 2642 742.

988 2672 1192 2719 Quantum
1209 2680 1359 2727 potero,
1379 2679 1543 2710 tantum.
1576 2677 1637 2710 80.

989 2747 1112 2795 Quasi
1132 2762 1207 2797 ego
1226 2747 1364 2787 servio.
1398 2752 1485 2789 547.
