1864 3152
683 265 1118 308 MENAECHMEI.
1627 262 1681 306 91

244 398 488 448 Manendo
522 398 772 454 medicum,
806 397 919 445 dnm
956 414 1005 444 se
1039 413 1095 444 ex
1130 411 1268 459 opere
1298 395 1506 460 recipiat.

244 482 451 531 Odiosus
483 482 675 531 tandem
711 483 791 529 vix
825 482 883 529 ab
914 480 1100 544 aegrotis
1132 479 1290 535 venit3

245 567 340 615 Ait
375 584 422 614 se
453 566 679 629 obligasse
710 582 813 613 crus
840 564 1038 612 fractum
1075 561 1356 625 AEsculapio‚

247 649 467 713 Apollini
502 656 660 696 autem
692 646 951 695 brachium.
1021 645 1165 693 Nunc
1198 645 1367 709 cogito,

1610 652 1683 691 785

252 731 424 780 Utrum
457 738 532 778 me
565 730 716 778 dicam
752 729 984 777 medicum
1020 727 1203 783 ducere,
1238 743 1298 774 an
1330 725 1527 774 fabrum.

244 817 407 880 Atque
438 832 594 864 eccum
627 814 817 862 incedit.

888 811 1033 860 Move
1067 811 1364 859 formicinum
1397 809 1595 875 gradum
1613 810 1622 855 !

601 1085 743 1127 ACT.
777 1085 828 1126 V.
893 1082 1098 1125 SCENA
1131 1081 1198 1124 II.

686 1206 905 1239 MEDICUS.
950 1203 1114 1236 SENEX.

119 1321 270 1368 MED.
290 1318 425 1375 Quid
454 1317 525 1365 illi
561 1334 657 1364 esse
692 1314 839 1362 morbi
875 1313 1093 1361 dixeras?
1137 1309 1304 1367 Narra,
1339 1327 1494 1358 senex.

253 1402 382 1450 Num
413 1402 642 1457 lariiatus,
674 1407 756 1447 aut
787 1397 1016 1446 cerritus?
1060 1394 1161 1442 Fac
1191 1395 1348 1442 sciam.

178 1521 203 1538 v.
220 1514 273 1542 784.
305 1512 360 1542 Ait,
378 1510 637 1542 monosyu.—-786.
656 1507 791 1533 Modicum
806 1507 911 1534 ducere,
928 1506 1142 1536 transponuntur
1156 1503 1214 1528 haec
1231 1504 1312 1529 verba
1326 1504 1355 1528 in
1372 1504 1470 1529 nostris
1485 1504 1684 1533 coda—787.

119 1558 204 1586 Move,
221 1556 269 1581 ult,
282 1555 341 1586 syn,
353 1554 448 1585 eon-ip.
471 1553 557 1585 Supra
565 1552 604 1577 99.
616 1549 863 1578 206.--738-797.
882 1547 968 1572 lamb.
987 1546 1155 1575 'stim—788.
1168 1546 1225 1576 lui,
1238 1546 1311 1578 prior
1320 1546 1380 1578 syll.
1392 1547 1487 1580 con-ip.
1516 1547 1591 1572 Iusta
1602 1547 1690 1576 796.-

119 1599 149 1625 B.
162 1605 184 1628 c,
204 1597 276 1628 Quid
285 1598 348 1622 esset
359 1595 407 1620 fui.
442 1594 472 1619 B.
485 1595 507 1624 1,
526 1591 719 1624 Quidmcn'ui.
752 1589 838 1615 Both:
853 1590 926 1615 aed.
954 1587 1055 1618 HABE,
1072 1587 1087 1596 ''
1094 1586 1241 1613 Manifesta
1250 1588 1355 1620 legend.
1365 1590 1449 1614 εικῆ(
1464 1591 1535 1614 ηοω
1541 1589 1642 1621 judico.

118 1673 366 1725 incipiendus
397 1672 524 1709 Actus
548 1669 723 1720 quintus,
755 1665 869 1717 cujus

118 1737 203 1777 haec
227 1737 348 1787 vulgo
375 1735 476 1773 male
501 1739 731 1771 numeratur
755 1742 870 1768 scena

118 1800 244 1840 tertia.
279 1800 412 1838 Bora.
439 1796 565 1849 (quod
587 1794 739 1846 jamdiu
768 1792 869 1831 vidit

122 1866 321 1915 Interpres
349 1859 630 1908 Britannicus.)
670 1857 868 1894 Caeterum

109 1929 255 1981 ‚confer
273 1926 393 1965 Arist.
413 1925 572 1963 Thesm.
593 1921 678 1961 846.

119 2006 139 2019 ‘⁶
156 2003 267 2032 Ἰλλὸς
289 2000 468 2040 γεγένημαι
495 1998 694 2036 προσδοκῶν,
721 1996 738 2025 ὀ
765 1995 790 2025 δ’
816 1996 868 2025 οὐ·

198 2049 319 2082 δέπω.”

123 2115 178 2152 Et
198 2114 306 2150 Nost.
329 2110 445 2162 Epid.
466 2115 552 2149 313.

120 2191 141 2205 “
158 2185 376 2226 Exspectanda>
396 2185 509 2216 exedor
525 2183 617 2214 miser
633 2188 726 2222 atque
744 2186 870 2214 exente-

199 2235 284 2268 ror.''

173 2315 260 2355 783.
316 2308 489 2353 Odiosus,
508 2307 607 2359 etc.]
646 2312 658 2329 ‘
673 2306 760 2345 The
777 2306 871 2344 tire-

122 2388 229 2413 some
250 2373 380 2412 fellow
399 2373 468 2410 has
491 2371 633 2422 hardly
650 2378 719 2422 yet
741 2377 782 2409 at
797 2370 872 2408 last

122 2437 307 2476 returned
322 2437 422 2474 from
435 2435 596 2486 visiting
608 2435 668 2475 his
677 2434 871 2486 patients?

125 2502 187 2540 De
204 2514 299 2539 voce
321 2499 496 2544 Odiosus,
516 2498 618 2537 Vide
638 2498 766 2536 Gloss.
795 2497 871 2536 Su—

122 2578 196 2617 pra
212 2569 299 2603 230.

177 2653 264 2692 784.
309 2647 592 2698 Crusfractum
612 2646 872 2698 AEsculapio.]

127 2719 139 2735 ‘
154 2713 188 2750 A
220 2711 417 2750 fructur-ed
452 2710 567 2761 thigh
601 2710 649 2747 of
684 2709 752 2748 the
793 2709 874 2760 god

127 2773 397 2825 AEsculapiua?
425 2772 644 2812 Deridiculi
655 2773 781 2823 gratia
789 2773 874 2824 glo-

126 2838 272 2875 riosum
290 2835 504 2874 introducit
516 2835 726 2881 medicum,
746 2836 815 2886 qui
835 2848 875 2874 se

930 1664 1054 1715 jactat
1076 1663 1269 1714 obligasse
1296 1677 1385 1702 crus
1406 1665 1574 1703 fractum
1599 1665 1686 1703 AEs-

936 1727 1104 1779 culapi0,
1132 1727 1339 1766 brachium
1356 1728 1549 1779 Apollini,
1574 1728 1686 1779 quasi

934 1791 1011 1842 ipsi
1037 1790 1243 1829 medicinae
1269 1798 1448 1830 auctores
1470 1792 1539 1829 Dii
1562 1792 1687 1844 ipsius

935 1868 1030 1893 cura
1054 1868 1154 1905 opus
1180 1854 1400 1893 habuerint.
1455 1855 1634 1894 Samus.

986 1927 1072 1972 786.
1127 1926 1335 1980 Palu-um]
1388 1928 1469 1975 Qui
1497 1942 1538 1967 se
1564 1929 1688 1968 fracta

935 1994 1123 2036 membra,
1159 1999 1345 2043 tanquam
1379 1992 1556 2041 aedificia,
1593 1993 1686 2044 [seu

936 2056 1069 2107 potius
1084 2069 1202 2102 arma,
1218 2055 1517 2108 instrumenta‚]
1533 2058 1688 2103 sarcire,

937 2132 982 2157 ac
998 2119 1204 2157 restituere
1221 2119 1424 2169 glorietur.
1477 2120 1613 2159 [ΔΜΒ.

990 2198 1076 2238 787.
1118 2192 1262 2232 Eccum
1279 2193 1456 2246 incedit]
1484 2201 1496 2218 ‘
1511 2195 1586 2234 See
1597 2208 1688 2234 now

937 2257 1027 2295 how
1041 2257 1216 2309 leisurely
1230 2257 1280 2296 he
1295 2264 1424 2296 comes
1439 2258 1580 2309 along-²
1626 2259 1689 2298 De

936 2321 1011 2360 hac
1052 2316 1370 2373 frequentissima
1414 2323 1524 2360 verbi
1568 2322 1688 2373 hujus

938 2385 1233 2436 significatione,
1261 2385 1367 2425 Vide
1394 2386 1435 2424 in
1463 2386 1589 2424 Gloss.

988 2481 1041 2488 -
1077 2457 1539 2511 Formicinumgradum]
1567 2459 1688 2497 ‘Ern-

938 2524 1050 2560 met’s
1066 2523 1186 2573 pace.'
1242 2522 1289 2560 Id
1307 2531 1366 2561 est
1382 2523 1559 2561 tardum:
1587 2523 1690 2561 mul-

938 2593 1024 2624 tum
1049 2586 1210 2637 quidem
1237 2594 1398 2624 movent
1420 2586 1595 2624 formicae
1620 2587 1691 2625 sed

938 2661 1079 2700 parurn
1106 2656 1349 2700 promovent.
1415 2649 1563 2687 Pariter
1590 2649 1693 2688 dixit

940 2712 1081 2750 Catull.
1115 2712 1245 2750 Carm.
1265 2717 1327 2758 39.
1382 2711 1572 2751 Incedere
1588 2726 1691 2766 myr-

940 2775 1044 2813 mice.
1098 2777 1274 2814 Momm.
1314 2776 1457 2815 Noster
1476 2777 1609 2815 Aulul.
1632 2783 1691 2816 10.

941 2851 962 2865 “
975 2848 1194 2881 'l'oetudineum
1205 2849 1297 2880 istum
1308 2859 1365 2888 ego
1374 2849 1519 2888 grandibo
1530 2851 1697 2890 gradum.’'
