1864 3152
681 277 1087 319 AULULARIA.
1613 275 1672 329 ⁵7

226 410 392 459 Etiam
427 409 687 466 introduce,
722 411 762 458 si
795 410 881 465 vis,
915 409 991 457 vel
1022 424 1214 473 gregem
1247 406 1513 455 venalium!

227 494 443 557 Coquite,
477 493 631 549 facite,
666 493 890 542 festinate
922 509 1050 540 nunc
1079 494 1193 547 iam,
1228 498 1458 555 quantum
1490 489 1650 538 lubet!

96 577 187 625 Co.
225 575 359 625 Hem
381 577 499 641 perii
517 578 526 623 ἰ

310 658 412 706 Eu.
433 657 563 705 Abi!
588 674 727 720 opera
745 656 838 705 huc
858 657 1089 705 conducta
1108 664 1181 704 est
1201 662 1370 712 vostra,
1390 673 1486 704 non
1506 656 1670 704 oratio.

97 740 192 788 Co.
231 741 385 797 Heus,
423 749 579 795 senex,
616 757 699 804 pro
736 740 1002 803 vapulando
1041 738 1197 788 hercle
1233 740 1315 787 abs
1353 747 1402 787 te
1436 757 1521 803 ego
1553 757 1674 788 mer-

424 822 583 870 cedem
618 830 774 886 petam
792 837 803 868 :

1598 833 1675 866 410

227 906 426 954 Coctum
462 922 562 971 ego,
599 922 693 953 non
727 905 1018 969 vapulatum‚
1054 905 1235 953 dudum
1267 905 1526 953 conductus
1558 905 1642 952 fui.

97 988 195 1037 Eu.
227 988 362 1054 Lege
403 989 532 1053 agito
576 990 785 1036 mecum!
829 988 1053 1036 molestus
1098 1005 1159 1036 ne
1204 988 1291 1036 sis!
1341 987 1453 1036 Aut
1495 1005 1673 1036 coenam

424 1093 584 1140 coque,

228 1158 339 1206 Aut
359 1159 435 1206 abi
456 1160 506 1206 in
534 1158 711 1206 malum
733 1159 990 1206 cruciatum
1014 1159 1073 1206 ab
1096 1158 1298 1206 aedibus!

1202 1240 1295 1288 CO.
1319 1240 1425 1288 Abi
1444 1248 1499 1289 tu
1520 1241 1674 1289 modo.

158 1386 183 1402 v.
200 1379 254 1404 m
287 1378 341 1404 Bo:
358 1379 451 1404 ιιι-αι
462 1379 515 1403 nuc
530 1378 630 1403 imma.
664 1378 749 1403 Abest
758 1385 823 1403 vero
836 1379 889 1403 nuc
904 1379 939 1404 ab
954 1379 1080 1404 omnibus
1093 1385 1161 1411 quos
1172 1379 1228 1404 vidi
1243 1379 1326 1404 codd.
1341 1379 1436 1404 mn
1448 1370 1679 1401 ἀνεκθλίπωε

95 1421 314 1453 legende—4⁴13.
333 1420 402 1446 Rea
419 1422 492 1452 perii
511 1423 562 1446 eoe.
595 1421 638 1445 In
656 1427 751 1446 omnes
771 1420 864 1446 Nom-i
884 1421 967 1446 codd.
986 1421 1087 1447 Vindd.
1111 1425 1171 1446 tres.
1194 1424 1221 1446 et
1243 1420 1316 1446 Butl.
1338 1428 1363 1446 a.
1381 1421 1407 1446 b.
1425 1428 1490 1446 mm
1508 1420 1590 1446 Editt.
1611 1419 1675 1445 ΔΜ.

95 1466 124 1488 et
145 1463 232 1487 Pam
250 1463 279 1488 in
295 1463 393 1495 quibus
408 1464 536 1489 omnibus
551 1470 588 1488 ne
604 1463 745 1495 voefigium
764 1463 874 1495 quidem
891 1467 1002 1495 apparet
1021 1471 1111 1489 versus
1128 1463 1288 1494 istiusmodi,
1308 1464 1449 1495 Temperi.-
1465 1465 1610 1495 postquam
1629 1463 1680 1487 im-

93 1505 282 1537 pem-'stimi
290 1507 422 1537 fluorum
438 1508 530 1538 caput,
549 1514 631 1538 quem
646 1506 740 1531 leviter
754 1509 891 1531 mutatum
908 1507 1028 1538 plerique
1039 1507 1161 1532 Recentt.
1175 1513 1193 1531 a
1206 1506 1359 1531 Camenrio
1373 1508 1540 1537 receperunt.
1572 1504 1680 1529 videsis

97 1548 223 1573 Gronov:
249 1549 296 1580 qui
316 1549 387 1574 lunc
406 1549 551 1574 lecticam
572 1548 705 1580 exemplis
720 1548 902 1578 confirmavit,
924 1556 975 1574 nec
995 1552 1086 1574 tamen
1106 1549 1177 1573 mihi
1197 1552 1292 1573 cunm
1311 1551 1354 1574 tot
1370 1548 1453 1573 fldem
1469 1547 1602 1573 Codicum
1618 1554 1680 1579 pro-

96 1590 295 1615 havian-41⁰.
314 1591 384 1620 Heu,
404 1591 524 1622 plerique
537 1590 619 1615 codd.
632 1590 678 1615 sed
688 1590 768 1615 facile
777 1591 868 1622 potuit
880 1591 970 1616 littera
979 1591 1078 1616 ultim
1092 1584 1151 1613 τοῦ
1168 1592 1245 1617 Heus
1253 1592 1291 1616 ob
1303 1597 1376 1622 nequ.
1392 1593 1552 1616 consonant.
1564 1589 1678 1615 elabi.—

98 1633 366 1665 Herdeeyoabaete7
385 1633 467 1658 codd.
486 1632 936 1665 nisiquodnbfl.⁶,aboetoyo.·
957 1633 1072 1659 etEt.
1091 1633 1163 1658 112.
1182 1633 1251 1658 Rs.
1269 1631 1677 1659 hahentur-clemaan.

97 1674 801 1706 aheoeoyoomnhzo,quodadrhythmummelius

149 1797 238 1836 406.
281 1796 349 1835 Vel
361 1810 515 1849 gregem
532 1796 758 1848 venalium]
792 1796 853 1834 ‘A

99 1860 227 1899 whole
254 1874 362 1911 gang
389 1874 489 1899 even
516 1860 563 1898 of
586 1860 734 1898 slaves.'
762 1859 801 1898 h.
819 1873 852 1898 e.

98 1923 272 1974 Gregem
291 1937 506 1969 servorum,
531 1923 599 1974 qui
617 1923 854 1974 plerumque

99 1987 207 2025 fures
242 1994 346 2025 sunt.
384 1987 520 2025 [ΑΜΒ.
584 1986 693 2024 Hinc
724 1986 852 2038 jocus,

99 2050 141 2087 in
162 2049 311 2088 Cistell.
340 2049 441 2095 460;
498 2050 579 2088 Ubi
606 2063 696 2088 cum
722 2050 853 2100 queri-

98 2121 165 2151 tur
183 2112 346 2151 Halisca
373 2127 415 2151 se
439 2113 627 2151 cistellam
652 2126 743 2151 cum
772 2126 854 2151 cre-

99 2175 261 2226 pundiis
295 2175 481 2220 amisisse,
517 2175 687 2226 ideoque
716 2176 855 2214 timere

99 2251 150 2276 ne
185 2238 275 2289 quis
312 2252 398 2277 eam
438 2239 592 2277 furatus
633 2239 765 2282 fuerit,
802 2240 854 2276 ir-

99 2299 232 2338 ridens
258 2300 472 2351 respondet
499 2301 732 2352 Lampadio,

121 2379 142 2392 “
156 2377 286 2413 Mirum,
311 2378 387 2416 quin
408 2389 482 2416 gres
508 2379 661 2410 venalium
681 2378 713 2409 in
736 2378 856 2409 cistella

217 2427 342 2459 infuerit
362 2428 463 2459 una.”

153 2492 241 2526 408.
285 2487 384 2526 Hem
418 2488 521 2539 perii
532 2489 577 2540 !]
640 2489 855 2527 Continua-

100 2550 170 2587 bat
208 2550 380 2601 Congrio
413 2551 745 2596 lamentationem,
791 2551 857 2589 cui

102 2614 317 2664 respondet
344 2615 487 2654 Euclio
524 2616 634 2667 quod
664 2616 857 2667 sequitur.

103 2676 208 2713 Con.
228 2677 305 2714 ΜΒ.
360 2677 422 2716 Ita
449 2678 643 2729 legendus
669 2685 710 2716 et
736 2679 856 2716 inter-

102 2740 318 2790 pretandus
334 2740 400 2780 hic
416 2742 550 2788 locus;
571 2741 673 2780 Vide
691 2742 732 2780 in
744 2741 787 2780 N
787 2749 856 2780 ott.

104 2801 217 2839 Critt.

238 2877 260 2910 8

973 1803 1060 1836 412.
1099 1797 1203 1849 Lege
1219 1797 1324 1849 agito
1341 1810 1482 1835 mecum
1492 1797 1535 1849 l]
1565 1797 1677 1836 ‘0h!

921 1861 999 1908 Sir,
1034 1876 1116 1913 you
1150 1875 1243 1913 may
1273 1876 1328 1913 go
1358 1869 1400 1900 to
1430 1861 1507 1900 law
1534 1861 1574 1900 if
1596 1874 1681 1913 you

920 1925 1075 1976 plesse!
1130 1926 1349 1964 Dicebatur
1386 1925 1435 1970 ei,
1473 1924 1589 1977 cujus
1617 1925 1679 1963 in-

921 1991 1045 2028 tentio
1058 1990 1367 2041 contemptibilis
1379 1989 1605 2028 adversario
1618 1988 1680 2028 vi-

922 2053 1101 2092 debatur.
1155 2054 1318 2092 Donxr.
1373 2053 1441 2092 Sic
1460 2053 1546 2091 Mil.
1566 2058 1655 2092 454.

982 2151 1002 2165 ¹⁸
1020 2148 1099 2187 Lege
1117 2151 1216 2187 agito.-
1238 2155 1268 2180 te
1288 2159 1443 2188 nusquam
1462 2148 1622 2180 mittam.”

973 2258 1061 2292 413.
1113 2252 1188 2291 Abi
1205 2252 1245 2290 in
1273 2252 1414 2290 malum
1431 2251 1679 2302 cruciatum]

923 2315 1025 2354 Vide
1044 2316 1151 2354 Men.
1170 2315 1275 2353 Prol.
1294 2314 1356 2354 66.
1385 2314 1513 2352 Gloss-

972 2436 1025 2443 —-
1069 2412 1145 2451 Abi
1158 2419 1198 2451 tu
1213 2412 1355 2463 moda]
1401 2411 1559 2450 ‘You'd
1593 2413 1678 2449 bet-

922 2484 983 2514 ter
1008 2489 1061 2527 go
1088 2476 1288 2527 yourself!
1345 2475 1504 2513 Scilicet
1527 2474 1570 2511 in
1596 2487 1679 2512 ma—

922 2539 1006 2578 lum
1050 2540 1280 2579 cruciatum.
1334 2538 1437 2576 Vide
1478 2537 1520 2575 N
1523 2545 1593 2575 ott.
1636 2537 1680 2574 in

925 2604 1032 2642 Men.
1078 2609 1167 2642 243.
1221 2610 1261 2641 et
1315 2602 1492 2640 conferas
1542 2600 1680 2640 Nostr.

925 2665 1070 2704 Pseud.
1102 2669 1214 2704 1180.
1595 2683 1617 2692 ο

1022 2765 1067 2796 H.
1108 2767 1129 2780 ¹⁸
1147 2763 1163 2794 Ι
1185 2763 1217 2793 in
1238 2762 1352 2794 malam
1373 2762 1518 2793 crucem!

1021 2814 1062 2846 Β.
1148 2813 1198 2844 Ire
1220 2812 1325 2844 licebit
1343 2812 1399 2842 mn·
1402 2834 1474 2842 ......
1479 2811 1500 2825 ”
