1864 3152
620 255 685 297 IN
722 254 1180 297 AULULARIAM.
1570 252 1656 300 169

211 391 300 425 480.
365 380 615 442 crocotis]
676 388 807 440 Supra
825 394 914 432 475.
952 395 976 411 “
994 387 1180 427 Crooola”
1200 387 1256 426 ait
1274 387 1446 433 Nonius,
1478 393 1503 410 “
1515 396 1576 427 est
1590 401 1659 439 ge-

135 481 212 506 nus
230 468 350 507 vestis
369 468 497 507 crocei
515 467 690 507 eoloris-⁹
746 467 848 506 Vide
866 467 908 506 in
929 468 1039 506 Nott.
1056 466 1173 506 Critt.

219 617 284 625 —
360 585 630 651 strophiis]
684 595 814 647 snpra
841 600 928 639 470.
982 595 1089 635 vide
1114 597 1156 634 in
1186 596 1295 636 Nott„
1322 595 1438 635 cfitt„

210 727 302 761 481·
364 716 546 779 Cedit]
601 728 700 767 Fere
718 729 858 768 eodem
875 743 992 769 sensu
1012 743 1093 782 quo
1112 731 1241 783 Supra
1259 737 1296 777 8,
1324 730 1496 774 Ine-edin
1514 738 1556 770 et
1573 736 1661 776 475,

137 801 338 840 Incedunt.
393 803 459 842 Sic
477 805 589 843 Asin.
608 806 697 846 386.
752 806 836 846 “Si
860 807 1077 847 AEacidinis
1100 809 1218 847 minis
1238 809 1458 861 animisque
1481 809 1664 862 expletus

137 878 270 917 cedit.''
323 878 411 917 Cas.
440 885 529 923 337.
583 882 679 919 “At
704 881 938 921 candidatus
965 882 1062 921 cedit
1094 883 1160 922 hic
1189 884 1406 935 mastigia.”
1459 884 1547 923 Mil.
1575 890 1663 932 890.

137 965 161 980 “
175 958 326 1010 Lepide
347 958 479 998 hercle
501 968 661 999 ornatus
681 961 819 1000 cedis.”
873 962 1014 1001 Pseud.
1032 969 1124 1009 955.
1176 969 1201 986 “
1214 964 1305 1002 Non
1325 977 1498 1015 prorsus,
1525 977 1665 1003 verum

136 1045 185 1070 ex
209 1040 446 1080 transvorso,
471 1034 582 1080 cedit,
607 1036 719 1087 quasi
742 1049 882 1075 oenoer
907 1037 1040 1076 solet.”
1094 1037 1182 1088 (He
1203 1038 1342 1077 crawls
1366 1038 1560 1090 sideways
1582 1039 1665 1079 like

135 1119 159 1144 a
189 1107 314 1157 crab.)
370 1106 470 1145 Hor.
500 1108 580 1147 Sat.
601 1108 658 1146 11.
688 1122 714 1147 1.
739 1108 802 1149 65.
855 1110 1062 1149 “Nitidus
1090 1125 1171 1162 qua
1197 1112 1367 1163 quisque
1392 1125 1465 1164 per
1493 1126 1561 1150 ora
1592 1112 1665 1151 Ce-

137 1181 277 1219 dent-'³
332 1181 493 1230 (Walks
518 1183 900 1236 presumptuously.)

211 1314 299 1348 482.
363 1303 609 1365 Putatur.]
667 1310 715 1350 Is
741 1314 835 1351 cast
857 1323 949 1364 up;
983 1311 1221 1364 computed.
1288 1315 1437 1355 Patare
1463 1324 1505 1356 et
1531 1316 1663 1371 dispu-

138 1394 223 1426 tare
252 1387 431 1434 rationes,
458 1397 517 1428 est
545 1389 652 1429 idem
679 1390 788 1442 quod
812 1391 1034 1431 subducere
1058 1393 1261 1432 rationem.
1317 1394 1467 1432 Putare
1488 1404 1548 1433 est
1573 1408 1665 1446 pro-

136 1462 236 1514 prie,
259 1476 407 1514 purum
425 1464 490 1502 vel
503 1470 640 1516 putum
658 1466 787 1505 faeere
798 1481 811 1512 3
840 1473 886 1504 ut
902 1466 957 1505 ait
980 1466 1128 1504 (ἔασκε
1156 1480 1206 1505 ex
1225 1466 1341 1506 Varr.
1359 1468 1449 1506 Lib.
1467 1467 1524 1506 11.
1546 1469 1595 1506 R.
1615 1469 1663 1507 R.

137 1535 233 1586 Cap.
258 1540 295 1574 2.
348 1534 485 1574 citans
509 1534 683 1574 Mosteu.
707 1541 796 1582 292.
851 1543 876 1559 “
890 1537 1021 1576 Etiam
1048 1550 1157 1575 nunc
1185 1537 1322 1577 decem
1354 1539 1471 1578 minae
1492 1540 1600 1591 apud
1625 1547 1666 1579 te

138 1615 252 1646 sunt:
290 1607 355 1647 vel
383 1608 566 1646 rationem
598 1610 733 1660 puta.''
788 1609 898 1648 Trin.
925 1609 1014 1649 386.
1069 1616 1095 1632 “
1110 1609 1327 1662 Postquam
1363 1612 1534 1651 comedit
1567 1626 1665 1659 rem,

137 1690 229 1735 post
255 1684 437 1721 rationem
461 1685 614 1734 putat.”
668 1683 752 1722 Cic.
773 1685 859 1722 Att.
878 1683 953 1722 IV.
986 1689 1045 1722 11.
1098 1683 1193 1722 “Ut
1220 1683 1386 1722 rationes
1414 1699 1505 1723 cum
1532 1686 1665 1738 publi-

138 1757 247 1796 canis
266 1760 488 1809 putarent?
541 1757 678 1804 Adde,
707 1758 773 1804 sis,
804 1759 892 1797 Cas.
914 1757 1003 1797 446.
1056 1758 1227 1805 “Quom
1255 1772 1340 1797 eam
1368 1773 1523 1800 mecum
1548 1763 1665 1802 ratio-

139 1844 221 1869 nem
241 1832 373 1882 puto?
427 1831 558 1870 Gloss.
581 1831 681 1870 eod.
707 1831 766 1870 H.
781 1831 830 1878 6‚-
857 1833 879 1846 ''
892 1831 1053 1875 Patare,
1082 1830 1279 1881 colligere,
1315 1832 1505 1870 conferre.
1558 1833 1664 1871 Non.

136 1903 200 1942 all.
227 1904 268 1942 h.
285 1912 315 1943 t.
371 1905 484 1952 Item,
511 1905 644 1944 animo
669 1905 884 1956 disputare,
916 1904 1179 1943 existimare.“

211 2033 300 2068 483.
364 2023 533 2084 Dari]
591 2033 671 2070 Pro
698 2034 874 2071 daturum
903 2033 963 2070 iri.
1022 2033 1133 2070 Infra
1160 2038 1247 2071 558.

214 2166 302 2200 485·
366 2156 549 2218 Intra]
607 2162 745 2202 Prior.
810 2166 890 2213 Qui
915 2175 975 2205 est
991 2181 1127 2207 sensus
1149 2170 1335 2221 frequens
1354 2165 1461 2218 apud
1483 2166 1656 2209 Latinos,

140 2243 206 2279 vix
227 2242 396 2293 Angliee
413 2243 651 2282 reddendus.
707 2244 812 2283 Vide
830 2246 872 2283 in
893 2246 1002 2285 Nott.
1021 2247 1136 2286 Critt„

213 2371 301 2409 487·
366 2359 530 2421 ΗΜ]
589 2371 753 2422 Antiqu.
781 2372 835 2423 pl.
863 2386 936 2424 pro
963 2374 1032 2412 hoe.
1086 2374 1201 2413 Cure.
1228 2380 1291 2420 39.
1344 2375 1552 2414 “Lenonis
1581 2375 1662 2413 leoec

140 2459 234 2489 sunt
260 2451 399 2489 aedes.”

213 2587 301 2627 490·
367 2576 625 2638 Mactant]
674 2584 949 2626 Overwlzelm.
996 2589 1220 2635 '’Mactare,
1239 2590 1342 2628 malo
1359 2589 1522 2629 afficere.
1559 2590 1661 2628 Non.

138 2661 201 2699 all.
228 2662 267 2699 h.
285 2668 343 2700 t.“
370 2663 498 2701 Gloss.
529 2665 624 2702 Cod.
656 2665 710 2703 H.
729 2666 766 2705 6.
820 2666 944 2715 Quasi
970 2666 1092 2719 magis
1114 2674 1282 2720 augent;
1315 2668 1386 2707 sed
1406 2668 1510 2708 malo
1533 2682 1660 2707 sensu.

141 2738 206 2776 Sic
242 2733 358 2776 Cure.
384 2744 470 2778 538.
525 2746 550 2762 “
567 2741 656 2778 Non
692 2740 879 2780 mediocri
910 2750 949 2780 te
981 2748 1099 2780 macto
1129 2742 1380 2780 infortunio.”
1434 2742 1548 2780 Poen.
1573 2741 1659 2781 386.

249 2814 296 2847 22
