1864 3152
656 244 722 286 IN
757 242 1199 285 MENAECHMOS.
1620 240 1706 280 145

170 381 256 412 atro
279 382 443 425 gutture
464 377 639 413 corvus?
653 402 667 410 .
695 375 786 413 Ter.
807 374 912 412 Eun.
932 374 1004 412 IV.
1024 386 1081 412 vl.
1099 379 1136 412 2.
1191 370 1346 410 “Oculi
1368 368 1427 407 illi
1448 367 1712 421 effodiantur?

173 449 287 499 Virg.
307 448 397 487 AEn.
418 449 495 487 111.
515 449 604 488 663.
658 449 877 487 “Luminis
896 447 1063 500 qffossiss'
1093 447 1163 497 (de
1182 445 1392 497 Cyclope.)

248 559 310 602 76.
376 553 584 600 Oculum
608 550 886 616 persolum]
951 555 1034 609 My
1055 555 1158 607 only
1180 567 1266 606 eye.
1323 556 1479 594 Luscus
1497 554 1604 601 enim
1623 553 1714 592 fuit.

173 640 383 686 Per-solum,
411 641 529 692 plane
548 647 588 679 et
610 640 772 677 omnino
790 640 931 684 solum,
956 645 997 677 et
1015 652 1062 676 eo
1079 637 1269 675 nimirum
1288 635 1491 674 cariorem.
1544 633 1733 672 Theocr.·

175 717 234 754 Id.
268 717 340 754 XI.
378 722 440 755 53.
479 715 569 753 ’Καὶ
601 714 679 752 τᾶν
713 713 764 752 ἕν’
804 712 1053 764 ὀφθαλμόν,
1101 712 1158 749 ‘rc-T
1191 728 1252 758 μοι
1289 709 1567 762 γλυκερώτερον
1602 706 1715 746 οὐδέν.

129 808 133 812 ·
175 793 277 831 Vide
309 793 428 831 etiam
458 791 569 830 Infra
598 796 685 837 593.
719 798 759 828 et
791 790 893 828 conf.
927 788 1074 827 Pseud.
1104 792 1191 826 503.
1246 785 1371 824 Jocus
1404 785 1580 836 vulgaris
1607 783 1717 836 apud

175 867 370 905 Nostrum
402 866 549 904 Luscus
577 866 618 903 in
647 878 802 904 scenam
830 864 1023 915 proferre,
1057 861 1127 913 qui
1141 860 1256 912 facie
1282 859 1406 912 magis
1431 874 1544 912 quam
1552 858 1719 910 facetiis

174 941 327 978 ridiculi
346 940 588 978 viderentur.
626 940 712 977 Mil.
735 944 848 985 1295.
889 932 914 959 ‘²
926 936 1038 984 Quid
1056 935 1172 974 oculo
1190 935 1341 973 factum
1360 941 1420 972 est
1438 941 1509 972 tuo
1519 935 1563 972 ?”
1602 933 1716 979 Inde,

175 1016 269 1065 quia
287 1015 514 1052 infimorum
533 1021 616 1052 erat
637 1013 845 1051 hominum
867 1012 939 1050 hos
958 1010 1138 1057 irridere,
1163 1010 1218 1048 ait
1241 1009 1412 1054 Persius,
1440 1009 1539 1059 (Sat.
1558 1008 1591 1046 Ι.
1613 1009 1718 1059 128.)

175 1104 266 1128 cum
285 1090 571 1140 indignatione,
592 1094 618 1110 “
633 1087 842 1132 Sordidus,
861 1094 903 1125 et
918 1087 1031 1124 lusco
1049 1086 1119 1136 qui
1139 1085 1265 1136 possit
1282 1084 1428 1130 dicere,
1447 1084 1588 1122 Lusor:
1602 1084 1638 1121 !''

250 1205 299 1243 77
304 1228 312 1236 ·
378 1194 553 1243 Ullum
578 1194 811 1254 verbum]
876 1201 988 1239 Infra
1005 1200 1095 1239 613.
1150 1200 1307 1238 Eodem
1331 1212 1449 1238 sensu
1476 1198 1570 1237 Ter.
1589 1197 1718 1236 Andr.

177 1281 231 1318 ΙΙ.
248 1294 306 1318 1v.
322 1287 357 1320 8.
386 1288 412 1304 “
425 1283 643 1332 Nunquam
661 1280 780 1319 hodie
798 1287 932 1319 tecum
947 1286 1285 1318 commutaturum
1304 1292 1418 1316 unum
1432 1290 1518 1316 esse
1534 1275 1720 1316 verbum.''

177 1357 238 1395 Ib.
260 1358 290 1394 Ι.
312 1370 359 1394 11.
381 1363 416 1401 7.
471 1356 729 1407 “Nunquam
749 1356 936 1406 cuiquam
954 1362 1135 1393 nostrum
1154 1354 1307 1392 verbum
1325 1353 1457 1392 fecit.’'
1510 1352 1592 1390 Ad.
1619 1352 1653 1390 Ι.
1674 1365 1722 1390 11.

178 1436 239 1470 55.
297 1431 427 1470 “Jain
455 1431 487 1469 si
517 1430 671 1469 verbum
696 1444 810 1468 unum
838 1429 1051 1481 posthac!’'
1106 1428 1220 1466 Asin.
1249 1427 1337 1466 601.
1393 1427 1597 1465 “Verbum
1625 1439 1722 1465 cave

177 1506 291 1552 faxis,
323 1507 528 1552 verbero,''
557 1506 601 1556 (i.
620 1519 653 1544 e.
683 1505 791 1543 Cave
818 1505 870 1543 ab
898 1503 1138 1555 importunis
1166 1503 1253 1541 istis
1276 1502 1440 1552 verbis.)
1476 1501 1584 1539 Rud.
1610 1507 1724 1541 1020.

179 1586 207 1603 “
218 1580 261 1619 Si
280 1579 502 1632 praeterhac
516 1579 667 1618 verbum
686 1593 801 1617 unum
819 1579 920 1617 faxis
938 1578 1079 1616 hodie:
1100 1591 1176 1628 ego
1189 1577 1264 1615 tibi
1283 1576 1551 1615 comminuam
1566 1577 1723 1627 caput.''

255 1695 318 1734 78.
383 1682 563 1743 Clam]
625 1693 741 1730 Cum.
766 1706 894 1730 accus.
949 1691 1098 1743 Amph.
1121 1690 1224 1728 Prol.
1247 1694 1332 1733 107.
1388 1689 1540 1726 “Clam
1564 1688 1724 1726 virum.”

181 1772 273 1810 Aul.
290 1772 395 1809 Prol.
417 1778 451 1815 7.
481 1771 631 1809 “Clam
649 1773 807 1810 omneS.'’
827 1773 898 1810 &c-
928 1771 1052 1808 Mero.
1072 1769 1159 1809 536.
1189 1770 1290 1806 Cum
1306 1781 1383 1806 acc.
1404 1774 1445 1805 et
1462 1766 1538 1805 abl.
1568 1772 1594 1788 “
1607 1767 1726 1805 Emta

181 1854 241 1886 est
259 1847 385 1885 amica
404 1847 503 1885 clam
524 1859 675 1884 uxorem
694 1853 734 1884 et
752 1845 986 1898 clamfilio.”
1015 1845 1068 1895 (si
1087 1858 1181 1882 sana
1201 1844 1252 1882 sit
1269 1843 1419 1894 lectio.)

255 1983 323 1990 --
385 1950 763 2011 Comburamus.]
818 1954 965 1995 Burn.
1029 1958 1138 1996 Nam
1169 1964 1347 1995 mortuos
1378 1957 1421 1994 in
1445 1969 1590 2007 rogum
1619 1969 1725 1995 com-

182 2052 342 2090 ponere,
375 2046 415 2076 et
447 2039 678 2076 comburere
707 2051 792 2075 mos
823 2045 917 2075 erat.
972 2037 1088 2088 Virg.
1118 2037 1208 2076 AEn.
1236 2037 1269 2074 1.
1295 2042 1384 2080 374.
1441 2037 1588 2074 “Ante
1618 2035 1725 2073 diem

184 2113 316 2152 clauso
344 2118 531 2165 componet
559 2112 716 2163 Vesper
745 2112 958 2163 Olympo.'’
1012 2112 1099 2150 Ecl.
1124 2111 1199 2151 IX.
1223 2117 1285 2150 52.
1332 2110 1532 2161 “Longos
1561 2109 1726 2148 memini

184 2202 248 2227 me
283 2188 440 2226 condere
469 2188 604 2226 soles.”
662 2188 760 2225 Hor.
794 2187 872 2225 Od.
903 2186 978 2224 1V.
1013 2200 1050 2224 v.
1081 2192 1143 2232 29.
1198 2185 1379 2224 “Condit
1410 2185 1582 2236 quisque
1619 2185 1725 2222 diem

185 2263 352 2302 collibus
379 2263 419 2300 in
448 2263 565 2300 suis.”

261 2381 323 2414 80.
387 2369 726 2430 Umbilicum.]
789 2374 884 2415 The
917 2374 1090 2415 middle.
1169 2376 1381 2429 Ὀμφαλόν.
1451 2376 1727 2427 Metaphorice

187 2464 412 2508 usurpatur.
466 2456 554 2494 Liv.
576 2456 747 2494 XXXV.
775 2462 834 2496 18.
890 2462 915 2478 “
930 2456 1013 2503 Qui
1036 2456 1252 2496 umbilicum
1277 2457 1445 2495 Graeciae
1469 2455 1727 2495 incolerent.”

189 2533 272 2571 Cic.
301 2532 364 2570 De
386 2532 479 2570 Div.
505 2532 562 2570 ΙΙ.
593 2538 677 2571 115.
733 2531 854 2579 “Qui
886 2531 1100 2570 umbilicum
1132 2540 1327 2571 terrarum
1360 2531 1553 2569 obsides.'’
1608 2530 1725 2570 Verr.

188 2606 262 2644 IV.
291 2605 375 2645 106.
431 2606 550 2654 “Qui
585 2606 709 2651 locus,
747 2606 856 2657 quod
890 2607 932 2644 in
963 2607 1094 2645 media
1129 2615 1189 2646 est
1217 2607 1346 2644 insula
1374 2607 1486 2651 situs,
1526 2605 1728 2645 umbilicus

192 2681 339 2719 Siciliae
369 2682 634 2720 nominatur.”
687 2681 845 2727 Milton,
886 2680 1035 2720 Comus.
1092 2687 1118 2704 “
1132 2681 1291 2719 Within
1327 2678 1390 2720 the
1425 2680 1537 2719 navel
1571 2681 1619 2719 of
1646 2681 1728 2720 this

188 2755 357 2794 hideous
387 2755 537 2793 wood.''
589 2756 751 2801 Collins,
783 2755 862 2794 Ode
886 2761 925 2793 to
950 2755 1119 2808 Liberty.
1175 2755 1355 2793 “'Midst
1375 2755 1445 2794 the
1469 2768 1593 2806 green
1617 2755 1729 2793 novel

190 2830 238 2866 of
250 2842 323 2866 our
341 2828 449 2866 isle.”
503 2830 597 2867 Eur.
616 2829 724 2868 Med.
743 2829 830 2868 666.
878 2834 901 2851 “
913 2829 962 2866 Τί
978 2828 1006 2866 δ’
1023 2829 1198 2879 ὀμφαλόν
1215 2828 1282 2876 γῆς·
1299 2828 1503 2882 θεσπιῳδὸν
1517 2828 1726 2876 ἐστάλης;”

303 2905 349 2944 19
