1780 3152
495 440 909 484 EDITIONIS
977 439 1302 484 PRIORIS

644 579 1140 635 PRAEFATIO.

235 839 399 898 Qum
449 840 767 891 cultissimus
813 841 1058 891 Noctium
1100 840 1393 889 Atticarum
1425 843 1653 888 'auctor‘

138 928 456 978 ‘hominem'
505 923 727 994 linguae⁷
772 936 929 996 atque
1003 928 1277 995 elegantiae
1354 928 1407 976 in
1478 927 1653 978 verbis

137 1019 336 1067 Latinae
389 1018 734 1085 -principem'
787 1018 1177 1076 nominaverit,
1254 1024 1412 1083 quem
1492 1018 1651 1068 totius

134 1107 461 1173 antiquitatis
523 1113 804 1158 consensus
856 1125 961 1157 uno
1012 1123 1099 1157 ore
1148 1106 1449 1165 laudaverit,
1510 1106 1652 1156 haud

134 1205 306 1247 nostro
342 1211 468 1247 sane
513 1173 710 1263 indiget
752 1197 1014 1264 praeconio
1050 1203 1153 1263 quo
1193 1214 1261 1246 ser
1294 1196 1500 1246 facilius
1546 1197 1650 1247 lec·

132 1287 227 1337 tori
296 1288 547 1338 benevolo
617 1288 960 1337 commendet.
1062 1287 1231 1353 Igitur
1298 1287 1392 1336 de?
1433 1287 1652 1336 PnAu'ro

132 1377 303 1426 silebit
343 1378 454 1427 haec
487 1377 770 1436 Praefatio,-
802 1377 1002 1443 quippe
1042 1375 1125 1425 cui
1160 1393 1256 1425 >ne=
1282 1377 1396 1442 ipsa
1440 1376 1650 1442 quidem

135 1467 351 1516 invidia*
1307 1456 1310 1458 ’

540 1586 543 1587 ⁷
824 1548 848 1586 ‘f
865 1543 1085 1588 Detrahere
1112 1543 1217 1582 ausit
1251 1552 1256 1565 '>
1310 1559 1313 1561 ·
1386 1584 1388 1586 ,

358 1613 588 1652 Haerentem
616 1613 735 1665 capiti
762 1613 888 1652 multa
915 1626 1008 1651 cum
1033 1612 1151 1651 laude
1178 1613 1399 1650 coronam.''

130 1726 314 1775 Restat
346 1727 524 1784 altera,
558 1727 846 1792 eademque
877 1727 1031 1792 longe
1063 1727 1240 1776 durior
1271 1726 1556 1792 provincia,
1590 1735 1647 1776 ut

131 1815 225 1864 hos
267 1832 408 1865 meos
458 1816 660 1866 labores
707 1816 990 1875 venditare,
1037 1815 1119 1865 vel
1173 1816 1347 1882 potius
1393 1832 1647 1866 excusare

130 1921 303 1954 coner.

229 2081 290 2131 Id
347 2082 505 2147 igitur
555 2080 609 2130 in
655 2082 755 2132 hac
803 2083 1040 2132 editione·
1080 2081 1311 2131 curanda
1344 2078 1643 2132 'consilium

127 2170 302 2228 habui,
342 2179 410 2220 ut·
437 2169 698 2220 Plautinae
734 2171 1016 2237 aliquando
1033 2170 1241 2220 :fabulae
1273 2170 1541 2237 prodirent
1574 2172 1641 2221 ad

126 2261 423 2326 exemplum
478 2261 609 2310 illud
661 2262 1000 2320 concinnatae,
1054 2261 1195 2327 quod
1247 2260 1371 2310 olim
1400 2255 1476 2310 jin
1525 2261 1641 2311 AEs-

126 2350 292 2416 chyli-
336 2350 536 2400 fabulis
589 2350 807 2400 edendis
871 2351 957 2400 vir·
1013 2350 1401 2408 celeberrimus,
1465 2350 1526 2399 C.
1587 2351 1640 2402 J.

127 2440 423 2499 Blomfield‚·
466 2455 667 2490 summo
711 2456 830 2490 cum
876 2440 1103 2506 ingenio,
1149 2452 1350 2490 summo
1394 2441 1638 2490 acumine

124 2531 421 2596 praebuerit.
491 2531 651 2580 Hunc
702 2531 888 2580 ducem
919 2525 1322 2597 'auspicemque,
1365 2542 1496 2595 pace
1538 2531 1635 2579 viri

126 2620 426 2678 doctissimi,
477 2621 555 2670 ad‘
596 2637 779 2687 operas
829 2638 972 2671 meas
1019 2620 1507 2687 quantulascunque
1553 2637 1632 2670 as-

126 2709 349 2773 sumpsi;
386 2710 542 2758 risum
587 2710 827 2758 nimirum
868 2710 949 2759 vel
986 2710 1249 2766 invidiam,
1279 2725 1383 2758 vnec
1423 2709 1630 2776 injuria,

557 2826 577 2846 ¹*
605 2825 698 2864 Aul.
730 2825 816 2864 Gel.
847 2826 937 2864 Lib.
957 2825 1053 2864 Vll.
1083 2838 1114 2863 c.
1138 2830 1196 2868 17.
1226 2842 1253 2857 .·
1277 2838 1285 2871 j
