1864 3152
739 247 1173 290 MENAECHMEI.
1690 246 1746 291 19

297 378 434 426 Salve
449 380 458 423 !

428 461 524 509 Pa.
561 460 714 509 Salve.

665 543 777 591 ΜΕ.
803 542 932 600 Quid
952 544 1053 608 agis
1066 546 1089 591 Ξ)

838 625 936 673 PE.
962 625 1125 674 Teneo
1143 625 1340 674 dextera
1355 626 1549 690 genium
1566 641 1740 673 meum.

165 706 279 755 ME.
298 706 408 755 Non
447 708 645 771 potuisti
685 708 837 772 magis
873 725 957 771 per
993 715 1181 772 tempus
1223 708 1290 755 mi
1325 708 1561 764 advenire,
1600 723 1740 771 quam

489 789 695 838 advenis.

164 873 260 921 ΡΕ.
295 873 373 922 Ita
403 891 489 938 ego
517 873 668 922 soleo:
701 874 1048 923 commoditatis
1077 891 1240 923 omnes
1266 874 1487 923 articulos
1515 874 1621 923 scio.
1690 878 1741 918 64

163 956 277 1005 ΜΕ.
291 956 407 1005 Vin’
425 965 480 1006 tu
496 957 678 1007 facinus
695 959 991 1008 luculentum
1009 960 1240 1023 inspicere
1252 961 1275 1006 Ρ

1086 1042 1185 1092 ΡΕ.
1211 1043 1338 1100 Quis
1354 1043 1406 1090 id
1423 1043 1551 1091 coxit
1567 1059 1703 1091 cocus
1717 1045 1739 1090 ?

291 1126 402 1174 Jam
426 1128 583 1183 sciam,
615 1128 653 1176 si
675 1128 791 1192 quid
811 1129 1074 1176 titubatum
1098 1136 1184 1184 est,
1214 1129 1296 1176 ubi
1320 1128 1542 1192 reliquias
1564 1128 1738 1176 videro.

162 1208 276 1257 RIE.
293 1210 392 1258 Dic
429 1210 562 1268 mihi,
609 1229 724 1261 num
764 1230 857 1276 qua
891 1220 947 1260 tu
994 1213 1157 1261 vidisti
1206 1213 1416 1261 tabulam
1464 1214 1640 1277 pictam
1688 1214 1739 1260 in

486 1296 680 1359 pariete,

293 1379 397 1427 Ubi
425 1378 584 1442 aquila
617 1378 908 1427 Catamitum
937 1387 1136 1443 raperet,
1176 1388 1261 1428 aut
1291 1380 1373 1427 ubi
1408 1378 1577 1426 Venus
1605 1378 1741 1426 Ado-

488 1480 629 1511 neum
644 1465 667 1510 ἶ)

221 1590 246 1607 v.
263 1584 301 1608 ΕΞ.
336 1583 408 1614 Quid
425 1584 507 1614 aqu?
528 1583 653 1608 Gronov:
668 1586 728 1614 post
746 1582 864 1607 Mediol:
880 1583 949 1614 quid
966 1583 1033 1608 ais?
1055 1583 1101 1608 sed
1121 1584 1237 1609 alterum
1255 1584 1368 1609 melius:
1384 1585 1483 1616 passim
1504 1584 1533 1608 in
1554 1584 1606 1608 hae
1623 1583 1743 1609 formul:

157 1628 275 1654 unum
291 1624 355 1649 vid.
367 1624 492 1650 Infnffi.
511 1624 575 1649 Aul.
586 1624 746 1649 491.AE
765 1624 864 1655 nafis,
882 1624 912 1648 Β.
926 1625 949 1654 l,
967 1625 998 1649 B.
1011 1632 1034 1649 e.
1051 1625 1157 1650 etEdd.
1172 1625 1244 1650 Vett.
1262 1626 1318 1650 Bo:
1334 1633 1418 1657 maye,
1436 1626 1481 1650 sed
1496 1625 1614 1657 nilopus
1625 1628 1739 1650 mutare.

158 1668 257 1692 ——65-
277 1667 343 1698 Quis
353 1667 444 1698 rapide
455 1667 538 1698 (Θαΐ)
550 1666 742 1698 pronuntiand.
774 1665 852 1691 Infra
862 1667 914 1692 195.
932 1667 1088 1696 &ia—&7-
1107 1668 1179 1693 Mihi
1188 1675 1256 1693 num
1266 1675 1330 1699 qua.
1364 1669 1378 1677 ”
1387 1669 1470 1693 codd.
1481 1669 1607 1700 ambigue
1618 1669 1742 1698 Nunqua

156 1713 206 1735 aut
221 1715 378 1740 nnn-quan.-
394 1709 466 1734 torae
479 1715 511 1733 en
528 1715 658 1740 unquam,
675 1708 748 1740 quod
766 1708 864 1734 Plauto
879 1708 1011 1741 frequens,
1029 1713 1055 1734 et
1071 1709 1179 1736 sublato
1194 1712 1257 1735 tu.“
1280 1710 1381 1735 HAnss.
1416 1711 1446 1735 B.
1462 1712 1483 1740 1,
1500 1711 1655 1742 ηυπιφιὶα,·
1673 1711 1704 1736 Β.
1717 1718 1741 1740 e,

158 1751 292 1783 ”m

210 1848 274 1888 62.
332 1844 667 1898 Teraeo'dextera.]
720 1847 913 1885 Dextram

158 1913 359 1958 nimirum,
395 1912 491 1950 dum
523 1911 729 1957 salutabat,
762 1910 912 1949 domini

158 1977 219 2015 sui
247 1975 483 2014 Menaechmi
508 1982 773 2027 prensaverat.

210 2050 271 2090 64.
314 2049 596 2089 Commoditatis
607 2048 828 2102 articulos]
868 2055 879 2071 ‘
893 2050 917 2087 Γ

158 2113 277 2151 know
300 2112 391 2150 how
415 2120 457 2151 to
477 2112 538 2150 hit
555 2111 710 2163 exactly
728 2111 797 2150 the
815 2125 913 2162 very

157 2176 251 2214 nick
279 2176 327 2214 of
348 2176 466 2214 time.’
519 2174 687 2225 Singula
713 2182 913 2213 momenta

157 2240 346 2291 temporis
376 2239 473 2276 mihi
506 2238 681 2277 studiose
711 2246 908 2277 notantur.

157 2302 305 2342 Subest
334 2311 466 2341 autem
493 2302 622 2354 jocus,
650 2302 840 2341 nimirum
869 2317 911 2341 se

156 2366 208 2404 ad
237 2379 360 2404 coenae
386 2380 455 2404 seu
486 2365 643 2417 prandii
670 2365 807 2404 horam
838 2380 910 2418 op-

156 2437 325 2483 portune
355 2429 639 2481 commodeque
670 2429 909 2468 intervenire

157 2491 293 2538 solere,
323 2506 431 2531 nunc
462 2499 594 2531 autem
625 2492 737 2530 aliter
769 2493 856 2531 vult
886 2508 909 2531 a

159 2552 329 2593 Patrono
355 2569 427 2594 suo
453 2555 634 2607 intelligi.

208 2627 270 2668 65.
322 2629 493 2668 Facinus
522 2630 788 2684 luculentum]
841 2637 852 2653 ‘
868 2632 908 2671 A

157 2689 243 2728 rich
275 2695 397 2730 trent!
461 2693 586 2731 Aliud
622 2694 905 2740 Menaechmus,

156 2751 264 2790 aliud
306 2753 501 2793 Parasitus
540 2757 737 2808 intelligit.
800 2758 906 2796 Nam

156 2827 247 2851 cum
267 2814 339 2853 Ille
357 2817 500 2867 pallam
517 2821 568 2858 ab
586 2834 708 2859 uxore
729 2821 906 2860 luculen-

979 1855 1040 1886 ter
1062 1856 1103 1887 et
1125 1848 1237 1887 fabre
1266 1857 1488 1901 surreptam
1518 1850 1739 1901 significet;

982 1912 1076 1958 Hic,
1103 1912 1169 1962 (ut
1193 1913 1322 1951 ventri
1348 1913 1541 1965 deditus‚)
1569 1913 1644 1953 cibi
1666 1914 1740 1953 ali-

980 1975 1073 2026 quid
1107 1989 1191 2014 esse
1226 1975 1381 2015 lautum
1417 1985 1458 2015 et
1491 1977 1741 2017 luculentum

980 2039 1213 2090 suspicatur.

1031 2148 1093 2187 66.
1150 2148 1196 2186 Si
1210 2148 1303 2201 quid
1314 2149 1516 2188 titubatum
1529 2151 1625 2202 esa]
1649 2151 1740 2190 Jam

980 2212 1100 2251 sciam
1122 2212 1156 2250 si
1181 2213 1280 2264 quid
1301 2214 1344 2250 in
1367 2213 1576 2265 coquendo
1600 2227 1739 2266 pecca-

975 2283 1062 2314 tum
1080 2276 1213 2314 fuerit.
1266 2277 1477 2315 Nostrates
1496 2276 1650 2322 dicunt,
1674 2283 1685 2298 ‘
1701 2277 1747 2314 If

975 2338 1086 2378 there
1105 2339 1176 2378 has
1194 2341 1296 2378 been
1314 2354 1338 2378 a
1358 2340 1434 2391 slip
1452 2340 1504 2392 of
1512 2340 1574 2378 the
1587 2341 1695 2392 pan?

1027 2447 1089 2490 67.
1147 2448 1297 2486 Pictam
1316 2448 1357 2487 in
1374 2450 1558 2501 parieta]
1588 2448 1738 2487 Confer

977 2509 1104 2549 Merc.
1124 2515 1211 2557 309.
1231 2525 1317 2562 sqq.

996 2584 1064 2614 “Si
1093 2594 1232 2623 unquam
1259 2584 1375 2615 vidistis
1404 2584 1524 2622 pictum
1553 2590 1733 2620 amatorem,

1066 2634 1137 2666 hem
1156 2634 1221 2665 illic
1242 2641 1306 2665 oet:

1030 2685 1113 2716 Nam
1127 2695 1197 2716 meo
1211 2684 1335 2723 quidem
1351 2684 1454 2715 animo
1472 2684 1609 2722 vetulus,
1626 2685 1734 2717 decre·

1066 2735 1149 2774 pitus
1161 2745 1256 2766 senex

1027 2786 1191 2817 Tantidem
1217 2791 1273 2819 est.
1299 2784 1386 2823 qumi
1410 2785 1450 2816 sit
1470 2785 1589 2823 signum
1614 2785 1732 2824 pictum

1065 2835 1095 2865 in
1118 2834 1270 2873 pariete.''
