<?xml version="1.0" encoding="UTF-8"?>
<!DOCTYPE html PUBLIC "-//W3C//DTD XHTML 1.0 Transitional//EN"
    "http://www.w3.org/TR/xhtml1/DTD/xhtml1-transitional.dtd">
<html xmlns="http://www.w3.org/1999/xhtml" xml:lang="en" lang="en">
 <head>
  <title>
</title>
<meta http-equiv="Content-Type" content="text/html;charset=utf-8" />
  <meta name='ocr-system' content='tesseract 3.04.00' />
  <meta name='ocr-capabilities' content='ocr_page ocr_carea ocr_par ocr_line ocrx_word'/>
</head>
<body>
  <div class='ocr_page' id='page_1' title='image "./captivitrinummus00plauuoft_0169.png"; bbox 0 0 1864 3152; ppageno 0'>
   <div class='ocr_carea' id='block_1_1' title="bbox 677 281 1673 325">
    <p class='ocr_par' dir='ltr' id='par_1_1' title="bbox 677 281 1673 325">
     <span class='ocr_line' id='line_1_1' title="bbox 677 281 1673 325; baseline -0.005 0"><span class='ocrx_word' id='word_1_1' title='bbox 677 281 1078 325; x_wconf 82' lang='lat' dir='ltr'><strong>AULULARIA.</strong></span> <span class='ocrx_word' id='word_1_2' title='bbox 1617 281 1673 321; x_wconf 89' lang='lat'><strong>13</strong></span> 
     </span>
    </p>
   </div>
   <div class='ocr_carea' id='block_1_2' title="bbox 96 414 1679 728">
    <p class='ocr_par' dir='ltr' id='par_1_2' title="bbox 225 414 1425 479">
     <span class='ocr_line' id='line_1_2' title="bbox 225 414 1425 479; baseline 0 -17"><span class='ocrx_word' id='word_1_3' title='bbox 225 414 460 479; x_wconf 86' lang='lat' dir='ltr'><strong>Longam,</strong></span> <span class='ocrx_word' id='word_1_4' title='bbox 494 415 661 478; x_wconf 84' lang='lat' dir='ltr'><strong>laqueo</strong></span> <span class='ocrx_word' id='word_1_5' title='bbox 695 415 868 463; x_wconf 85' lang='lat' dir='ltr'><strong>oollum</strong></span> <span class='ocrx_word' id='word_1_6' title='bbox 903 415 1092 478; x_wconf 88' lang='lat' dir='ltr'><strong>quando</strong></span> <span class='ocrx_word' id='word_1_7' title='bbox 1118 415 1425 462; x_wconf 83' lang='lat' dir='ltr'><strong>obstrinxero.</strong></span> 
     </span>
    </p>

    <p class='ocr_par' dir='ltr' id='par_1_3' title="bbox 96 496 1679 728">
     <span class='ocr_line' id='line_1_3' title="bbox 96 496 1679 561; baseline 0 -17"><span class='ocrx_word' id='word_1_8' title='bbox 96 496 195 544; x_wconf 78' lang='lat' dir='ltr'><strong>En.</strong></span> <span class='ocrx_word' id='word_1_9' title='bbox 224 496 369 546; x_wconf 86' lang='lat' dir='ltr'><strong>Nune</strong></span> <span class='ocrx_word' id='word_1_10' title='bbox 402 497 614 545; x_wconf 81' lang='lat' dir='ltr'><strong>defecato</strong></span> <span class='ocrx_word' id='word_1_11' title='bbox 640 496 831 544; x_wconf 90' lang='lat' dir='ltr'><strong>demum</strong></span> <span class='ocrx_word' id='word_1_12' title='bbox 869 498 1026 544; x_wconf 84' lang='lat' dir='ltr'><strong>animo</strong></span> <span class='ocrx_word' id='word_1_13' title='bbox 1056 496 1270 561; x_wconf 87' lang='lat' dir='ltr'><strong>egredior</strong></span> <span class='ocrx_word' id='word_1_14' title='bbox 1299 496 1453 550; x_wconf 91' lang='lat' dir='ltr'><strong>domo,</strong></span> <span class='ocrx_word' id='word_1_15' title='bbox 1628 507 1679 538; x_wconf 82' lang='lat'><strong>40</strong></span> 
     </span>
     <span class='ocr_line' id='line_1_4' title="bbox 229 580 1416 644; baseline 0.001 -17"><span class='ocrx_word' id='word_1_16' title='bbox 229 580 488 644; x_wconf 84' lang='lat' dir='ltr'><strong>Postquam</strong></span> <span class='ocrx_word' id='word_1_17' title='bbox 521 581 754 644; x_wconf 86' lang='lat' dir='ltr'><strong>perspexi,</strong></span> <span class='ocrx_word' id='word_1_18' title='bbox 786 580 914 628; x_wconf 87' lang='lat' dir='ltr'><strong>salva</strong></span> <span class='ocrx_word' id='word_1_19' title='bbox 947 598 1047 628; x_wconf 92' lang='lat' dir='ltr'><strong>esse</strong></span> <span class='ocrx_word' id='word_1_20' title='bbox 1079 581 1212 628; x_wconf 86' lang='lat' dir='ltr'><strong>intus</strong></span> <span class='ocrx_word' id='word_1_21' title='bbox 1243 582 1416 628; x_wconf 87' lang='lat' dir='ltr'><strong>omnia.</strong></span> 
     </span>
     <span class='ocr_line' id='line_1_5' title="bbox 227 664 1274 728; baseline -0.001 -16"><span class='ocrx_word' id='word_1_22' title='bbox 227 664 358 712; x_wconf 87' lang='lat' dir='ltr'>Redi</span> <span class='ocrx_word' id='word_1_23' title='bbox 375 668 475 728; x_wconf 87' lang='lat' dir='ltr'><strong>jam</strong></span> <span class='ocrx_word' id='word_1_24' title='bbox 499 665 626 711; x_wconf 85' lang='lat' dir='ltr'><strong>intro</strong></span> <span class='ocrx_word' id='word_1_25' title='bbox 649 680 777 711; x_wconf 86' lang='lat' dir='ltr'><strong>nunc</strong></span> <span class='ocrx_word' id='word_1_26' title='bbox 799 671 942 727; x_wconf 85' lang='lat' dir='ltr'><strong>atque</strong></span> <span class='ocrx_word' id='word_1_27' title='bbox 963 664 1097 711; x_wconf 85' lang='lat' dir='ltr'><strong>intus</strong></span> <span class='ocrx_word' id='word_1_28' title='bbox 1120 666 1274 711; x_wconf 81' lang='lat' dir='ltr'><strong>serva!</strong></span> 
     </span>
    </p>
   </div>
   <div class='ocr_carea' id='block_1_3' title="bbox 1271 745 1684 810">
    <p class='ocr_par' dir='ltr' id='par_1_4' title="bbox 1271 745 1684 810">
     <span class='ocr_line' id='line_1_6' title="bbox 1271 745 1684 810; baseline -0.005 -17"><span class='ocrx_word' id='word_1_29' title='bbox 1271 745 1357 793; x_wconf 79' lang='lat' dir='ltr'><strong>S&#39;r.</strong></span> <span class='ocrx_word' id='word_1_30' title='bbox 1394 745 1589 810; x_wconf 84' lang='lat' dir='ltr'><strong>Quippe</strong></span> <span class='ocrx_word' id='word_1_31' title='bbox 1612 745 1684 792; x_wconf 91' lang='lat' dir='ltr'><strong>nil</strong></span> 
     </span>
    </p>
   </div>
   <div class='ocr_carea' id='block_1_4' title="bbox 104 829 1686 1229">
    <p class='ocr_par' dir='ltr' id='par_1_5' title="bbox 104 829 1686 1229">
     <span class='ocr_line' id='line_1_7' title="bbox 232 829 1529 894; baseline 0 -18"><span class='ocrx_word' id='word_1_32' title='bbox 232 830 341 893; x_wconf 89' lang='lat' dir='ltr'><strong>Ego</strong></span> <span class='ocrx_word' id='word_1_33' title='bbox 370 830 502 877; x_wconf 86' lang='lat' dir='ltr'><strong>intus</strong></span> <span class='ocrx_word' id='word_1_34' title='bbox 537 832 740 878; x_wconf 86' lang='lat' dir='ltr'><strong>servem!</strong></span> <span class='ocrx_word' id='word_1_35' title='bbox 784 830 888 886; x_wconf 88' lang='lat' dir='ltr'><strong>An,</strong></span> <span class='ocrx_word' id='word_1_36' title='bbox 922 847 982 878; x_wconf 91' lang='lat' dir='ltr'><strong>ne</strong></span> <span class='ocrx_word' id='word_1_37' title='bbox 1014 831 1120 894; x_wconf 92' lang='lat' dir='ltr'><strong>quis</strong></span> <span class='ocrx_word' id='word_1_38' title='bbox 1153 830 1275 878; x_wconf 89' lang='lat' dir='ltr'><strong>aedes</strong></span> <span class='ocrx_word' id='word_1_39' title='bbox 1311 829 1529 878; x_wconf 84' lang='lat' dir='ltr'><strong>auferat?</strong></span> 
     </span>
     <span class='ocr_line' id='line_1_8' title="bbox 230 912 1618 978; baseline 0 -18"><span class='ocrx_word' id='word_1_40' title='bbox 230 912 359 960; x_wconf 88' lang='lat' dir='ltr'><strong>Nam</strong></span> <span class='ocrx_word' id='word_1_41' title='bbox 394 912 472 960; x_wconf 91' lang='lat' dir='ltr'><strong>hic</strong></span> <span class='ocrx_word' id='word_1_42' title='bbox 502 913 630 978; x_wconf 86' lang='lat' dir='ltr'><strong>apud</strong></span> <span class='ocrx_word' id='word_1_43' title='bbox 659 930 744 960; x_wconf 92' lang='lat' dir='ltr'><strong>nos</strong></span> <span class='ocrx_word' id='word_1_44' title='bbox 777 913 902 961; x_wconf 90' lang='lat' dir='ltr'>nihil</span> <span class='ocrx_word' id='word_1_45' title='bbox 935 921 1007 962; x_wconf 83' lang='lat' dir='ltr'><strong>est</strong></span> <span class='ocrx_word' id='word_1_46' title='bbox 1041 913 1173 961; x_wconf 87' lang='lat' dir='ltr'><strong>aliud</strong></span> <span class='ocrx_word' id='word_1_47' title='bbox 1207 914 1374 977; x_wconf 87' lang='lat' dir='ltr'><strong>quaesti</strong></span> <span class='ocrx_word' id='word_1_48' title='bbox 1409 913 1618 961; x_wconf 85' lang='lat' dir='ltr'><strong>furibus:</strong></span> 
     </span>
     <span class='ocr_line' id='line_1_9' title="bbox 235 997 1686 1061; baseline -0.001 -16"><span class='ocrx_word' id='word_1_49' title='bbox 235 997 315 1045; x_wconf 82' lang='lat' dir='ltr'><strong>Ita</strong></span> <span class='ocrx_word' id='word_1_50' title='bbox 346 998 521 1045; x_wconf 83' lang='lat' dir='ltr'><strong>inaniis</strong></span> <span class='ocrx_word' id='word_1_51' title='bbox 556 1004 668 1045; x_wconf 82' lang='lat' dir='ltr'><strong>sunt</strong></span> <span class='ocrx_word' id='word_1_52' title='bbox 701 997 902 1061; x_wconf 86' lang='lat' dir='ltr'><strong>oppletae</strong></span> <span class='ocrx_word' id='word_1_53' title='bbox 932 1007 1076 1061; x_wconf 86' lang='lat' dir='ltr'><strong>atque</strong></span> <span class='ocrx_word' id='word_1_54' title='bbox 1107 998 1303 1045; x_wconf 83' lang='lat' dir='ltr'><strong>araneis.</strong></span> <span class='ocrx_word' id='word_1_55' title='bbox 1636 1006 1686 1039; x_wconf 83' lang='lat'><strong>45</strong></span> 
     </span>
     <span class='ocr_line' id='line_1_10' title="bbox 104 1080 1551 1145; baseline -0.001 -17"><span class='ocrx_word' id='word_1_56' title='bbox 104 1080 204 1128; x_wconf 86' lang='lat' dir='ltr'><strong>EU.</strong></span> <span class='ocrx_word' id='word_1_57' title='bbox 233 1080 435 1138; x_wconf 89' lang='lat' dir='ltr'>Mirum,</span> <span class='ocrx_word' id='word_1_58' title='bbox 470 1083 587 1145; x_wconf 91' lang='lat' dir='ltr'><strong>quin</strong></span> <span class='ocrx_word' id='word_1_59' title='bbox 621 1089 706 1130; x_wconf 85' lang='lat' dir='ltr'><strong>tua</strong></span> <span class='ocrx_word' id='word_1_60' title='bbox 738 1098 867 1129; x_wconf 85' lang='lat' dir='ltr'><strong>nunc</strong></span> <span class='ocrx_word' id='word_1_61' title='bbox 897 1099 972 1129; x_wconf 91' lang='lat' dir='ltr'><strong>me</strong></span> <span class='ocrx_word' id='word_1_62' title='bbox 1007 1099 1146 1129; x_wconf 83' lang='lat' dir='ltr'><strong>causa</strong></span> <span class='ocrx_word' id='word_1_63' title='bbox 1178 1080 1322 1129; x_wconf 81' lang='lat' dir='ltr'><strong>faciat</strong></span> <span class='ocrx_word' id='word_1_64' title='bbox 1355 1080 1551 1144; x_wconf 84' lang='lat' dir='ltr'><strong>Jupiter</strong></span> 
     </span>
     <span class='ocr_line' id='line_1_11' title="bbox 236 1163 1412 1229; baseline 0 -19"><span class='ocrx_word' id='word_1_65' title='bbox 236 1163 519 1229; x_wconf 90' lang='lat' dir='ltr'><strong>Philippum</strong></span> <span class='ocrx_word' id='word_1_66' title='bbox 549 1181 706 1229; x_wconf 87' lang='lat' dir='ltr'><strong>regem</strong></span> <span class='ocrx_word' id='word_1_67' title='bbox 743 1172 828 1213; x_wconf 83' lang='lat' dir='ltr'><strong>aut</strong></span> <span class='ocrx_word' id='word_1_68' title='bbox 859 1164 1084 1220; x_wconf 84' lang='lat' dir='ltr'><strong>Darium,</strong></span> <span class='ocrx_word' id='word_1_69' title='bbox 1116 1164 1412 1212; x_wconf 79' lang='lat' dir='ltr'><strong>trivenefiea!</strong></span> 
     </span>
    </p>
   </div>
   <div class='ocr_carea' id='block_1_5' title="bbox 105 1325 1698 1779">
    <p class='ocr_par' dir='ltr' id='par_1_6' title="bbox 105 1325 1698 1779">
     <span class='ocr_line' id='line_1_12' title="bbox 166 1325 1691 1358; baseline 0.001 -8"><span class='ocrx_word' id='word_1_70' title='bbox 166 1326 247 1351; x_wconf 57' lang='grc' dir='ltr'><strong>ιω.</strong></span> <span class='ocrx_word' id='word_1_71' title='bbox 281 1326 335 1351; x_wconf 84' lang='lat' dir='ltr'><strong>Bo:</strong></span> <span class='ocrx_word' id='word_1_72' title='bbox 359 1327 638 1358; x_wconf 52' lang='lat' dir='ltr'><strong>Meus-laqueatam</strong></span> <span class='ocrx_word' id='word_1_73' title='bbox 663 1326 1378 1358; x_wconf 61' lang='lat' dir='ltr'><strong>ndahenmnabomnilmsscriptis;etrecoe‚</strong></span> <span class='ocrx_word' id='word_1_74' title='bbox 1399 1325 1691 1358; x_wconf 55' lang='lat' dir='ltr'><strong>quodnam-monem</strong></span> 
     </span>
     <span class='ocr_line' id='line_1_13' title="bbox 105 1367 1694 1400; baseline 0.001 -7"><span class='ocrx_word' id='word_1_75' title='bbox 105 1368 217 1397; x_wconf 58' lang='lat' dir='ltr'><strong>utinen</strong></span> <span class='ocrx_word' id='word_1_76' title='bbox 234 1368 307 1400; x_wconf 80' lang='lat' dir='ltr'><strong>quod</strong></span> <span class='ocrx_word' id='word_1_77' title='bbox 322 1367 357 1392; x_wconf 78' lang='lat' dir='ltr'><strong>ad</strong></span> <span class='ocrx_word' id='word_1_78' title='bbox 370 1371 496 1397; x_wconf 78' lang='lat' dir='ltr'><strong>metrum,</strong></span> <span class='ocrx_word' id='word_1_79' title='bbox 518 1368 630 1399; x_wconf 74' lang='lat' dir='ltr'><strong>quando</strong></span> <span class='ocrx_word' id='word_1_80' title='bbox 644 1368 745 1399; x_wconf 72' lang='lat' dir='ltr'><strong>absque</strong></span> <span class='ocrx_word' id='word_1_81' title='bbox 759 1367 871 1393; x_wconf 78' lang='lat' dir='ltr'><strong>elisione</strong></span> <span class='ocrx_word' id='word_1_82' title='bbox 886 1368 989 1400; x_wconf 78' lang='lat' dir='ltr'><strong>legend.</strong></span> <span class='ocrx_word' id='word_1_83' title='bbox 1007 1371 1135 1392; x_wconf 67' lang='lat' dir='ltr'><strong>ueterum</strong></span> <span class='ocrx_word' id='word_1_84' title='bbox 1151 1371 1203 1393; x_wconf 68' lang='lat' dir='ltr'><strong>tm</strong></span> <span class='ocrx_word' id='word_1_85' title='bbox 1219 1368 1321 1393; x_wconf 79' lang='lat' dir='ltr'><strong>vindd.</strong></span> <span class='ocrx_word' id='word_1_86' title='bbox 1338 1371 1366 1394; x_wconf 81' lang='lat' dir='ltr'><strong>et</strong></span> <span class='ocrx_word' id='word_1_87' title='bbox 1383 1368 1476 1394; x_wconf 72' lang='lat' dir='ltr'><strong>Nomi</strong></span> <span class='ocrx_word' id='word_1_88' title='bbox 1491 1368 1611 1400; x_wconf 82' lang='lat' dir='ltr'><strong>plerique</strong></span> <span class='ocrx_word' id='word_1_89' title='bbox 1626 1369 1694 1394; x_wconf 80' lang='lat' dir='ltr'><strong>dant</strong></span> 
     </span>
     <span class='ocr_line' id='line_1_14' title="bbox 108 1410 1695 1443; baseline -0.001 -6"><span class='ocrx_word' id='word_1_90' title='bbox 108 1413 247 1443; x_wconf 63' lang='lat' dir='ltr'><strong>Qun.-</strong></span> <span class='ocrx_word' id='word_1_91' title='bbox 269 1414 455 1441; x_wconf 66' lang='lat' dir='ltr'><strong>natantum,</strong></span> <span class='ocrx_word' id='word_1_92' title='bbox 479 1411 550 1435; x_wconf 70' lang='lat' dir='ltr'><strong>Rz</strong></span> <span class='ocrx_word' id='word_1_93' title='bbox 569 1411 605 1435; x_wconf 84' lang='grc' dir='ltr'><strong>Η,</strong></span> <span class='ocrx_word' id='word_1_94' title='bbox 624 1412 648 1435; x_wconf 84' lang='lat'><strong>⁵.</strong></span> <span class='ocrx_word' id='word_1_95' title='bbox 667 1410 743 1435; x_wconf 58' lang='lat'><strong>112.</strong></span> <span class='ocrx_word' id='word_1_96' title='bbox 763 1411 903 1442; x_wconf 69' lang='grc' dir='ltr'><strong>ιοπραπυ</strong></span> <span class='ocrx_word' id='word_1_97' title='bbox 925 1410 971 1435; x_wconf 82' lang='lat' dir='ltr'><strong>sed</strong></span> <span class='ocrx_word' id='word_1_98' title='bbox 991 1411 1098 1440; x_wconf 80' lang='lat' dir='ltr'><strong>horum,</strong></span> <span class='ocrx_word' id='word_1_99' title='bbox 1119 1411 1190 1440; x_wconf 83' lang='lat' dir='ltr'><strong>H.2‚</strong></span> <span class='ocrx_word' id='word_1_100' title='bbox 1213 1410 1339 1435; x_wconf 69' lang='lat' dir='ltr'><strong>liner-au</strong></span> <span class='ocrx_word' id='word_1_101' title='bbox 1358 1411 1544 1442; x_wconf 64' lang='lat' dir='ltr'><strong>superscripta.</strong></span> <span class='ocrx_word' id='word_1_102' title='bbox 1579 1410 1632 1435; x_wconf 82' lang='lat' dir='ltr'><strong>Pro</strong></span> <span class='ocrx_word' id='word_1_103' title='bbox 1652 1412 1695 1436; x_wconf 77' lang='lat' dir='ltr'><strong>ob-</strong></span> 
     </span>
     <span class='ocr_line' id='line_1_15' title="bbox 105 1451 1691 1483; baseline -0.001 -5"><span class='ocrx_word' id='word_1_104' title='bbox 105 1453 253 1482; x_wconf 60' lang='lat' dir='ltr'><strong>etr-inem,</strong></span> <span class='ocrx_word' id='word_1_105' title='bbox 272 1452 307 1477; x_wconf 85' lang='grc' dir='ltr'><strong>Η.</strong></span> <span class='ocrx_word' id='word_1_106' title='bbox 319 1454 343 1477; x_wconf 81' lang='grc'><strong>3.</strong></span> <span class='ocrx_word' id='word_1_107' title='bbox 366 1455 395 1478; x_wconf 83' lang='lat' dir='ltr'><strong>et</strong></span> <span class='ocrx_word' id='word_1_108' title='bbox 411 1453 445 1482; x_wconf 80' lang='grc' dir='ltr'><strong>Δ,</strong></span> <span class='ocrx_word' id='word_1_109' title='bbox 462 1452 535 1477; x_wconf 73' lang='lat' dir='ltr'><strong>etv.</strong></span> <span class='ocrx_word' id='word_1_110' title='bbox 550 1453 571 1476; x_wconf 89' lang='lat' dir='ltr'><strong>l.</strong></span> <span class='ocrx_word' id='word_1_111' title='bbox 588 1453 837 1478; x_wconf 61' lang='lat' dir='ltr'><strong>annuam—40.</strong></span> <span class='ocrx_word' id='word_1_112' title='bbox 855 1451 942 1477; x_wconf 78' lang='lat' dir='ltr'><strong>Novae</strong></span> <span class='ocrx_word' id='word_1_113' title='bbox 962 1459 1049 1477; x_wconf 76' lang='lat' dir='ltr'><strong>soenae</strong></span> <span class='ocrx_word' id='word_1_114' title='bbox 1069 1452 1179 1476; x_wconf 87' lang='lat' dir='ltr'><strong>initium</strong></span> <span class='ocrx_word' id='word_1_115' title='bbox 1196 1452 1248 1477; x_wconf 85' lang='lat' dir='ltr'><strong>hoe</strong></span> <span class='ocrx_word' id='word_1_116' title='bbox 1264 1452 1325 1477; x_wconf 84' lang='lat' dir='ltr'><strong>loco</strong></span> <span class='ocrx_word' id='word_1_117' title='bbox 1346 1452 1378 1477; x_wconf 84' lang='lat' dir='ltr'><strong>flt</strong></span> <span class='ocrx_word' id='word_1_118' title='bbox 1395 1452 1467 1483; x_wconf 72' lang='lat' dir='ltr'><strong>apud</strong></span> <span class='ocrx_word' id='word_1_119' title='bbox 1484 1456 1587 1483; x_wconf 79' lang='lat' dir='ltr'><strong>septem</strong></span> <span class='ocrx_word' id='word_1_120' title='bbox 1608 1453 1691 1477; x_wconf 87' lang='lat' dir='ltr'><strong>codd.</strong></span> 
     </span>
     <span class='ocr_line' id='line_1_16' title="bbox 106 1493 1695 1526; baseline -0.001 -7"><span class='ocrx_word' id='word_1_121' title='bbox 106 1494 180 1526; x_wconf 78' lang='lat' dir='ltr'><strong>apud</strong></span> <span class='ocrx_word' id='word_1_122' title='bbox 195 1494 311 1526; x_wconf 72' lang='lat' dir='ltr'><strong>reliquos</strong></span> <span class='ocrx_word' id='word_1_123' title='bbox 326 1495 399 1526; x_wconf 84' lang='lat' dir='ltr'><strong>prior</strong></span> <span class='ocrx_word' id='word_1_124' title='bbox 414 1501 494 1520; x_wconf 75' lang='lat' dir='ltr'><strong>scena</strong></span> <span class='ocrx_word' id='word_1_125' title='bbox 510 1494 700 1523; x_wconf 59' lang='lat' dir='ltr'><strong>continuatum</strong></span> <span class='ocrx_word' id='word_1_126' title='bbox 719 1497 747 1519; x_wconf 75' lang='lat' dir='ltr'><strong>et</strong></span> <span class='ocrx_word' id='word_1_127' title='bbox 764 1494 872 1525; x_wconf 83' lang='lat' dir='ltr'><strong>quidem</strong></span> <span class='ocrx_word' id='word_1_128' title='bbox 887 1494 958 1524; x_wconf 83' lang='lat' dir='ltr'><strong>jure,</strong></span> <span class='ocrx_word' id='word_1_129' title='bbox 979 1501 1044 1518; x_wconf 78' lang='lat' dir='ltr'><strong>narn</strong></span> <span class='ocrx_word' id='word_1_130' title='bbox 1066 1494 1104 1518; x_wconf 79' lang='lat' dir='ltr'><strong>sic</strong></span> <span class='ocrx_word' id='word_1_131' title='bbox 1124 1493 1200 1518; x_wconf 74' lang='lat' dir='ltr'><strong>Infra</strong></span> <span class='ocrx_word' id='word_1_132' title='bbox 1215 1500 1240 1517; x_wconf 85' lang='lat' dir='ltr'><strong>v.</strong></span> <span class='ocrx_word' id='word_1_133' title='bbox 1255 1494 1308 1523; x_wconf 78' lang='lat'><strong>163,</strong></span> <span class='ocrx_word' id='word_1_134' title='bbox 1328 1494 1405 1518; x_wconf 71' lang='lat' dir='ltr'><strong>abest</strong></span> <span class='ocrx_word' id='word_1_135' title='bbox 1423 1493 1569 1525; x_wconf 71' lang='lat' dir='ltr'><strong>paullisper</strong></span> <span class='ocrx_word' id='word_1_136' title='bbox 1583 1500 1600 1518; x_wconf 75' lang='lat' dir='ltr'><strong>a</strong></span> <span class='ocrx_word' id='word_1_137' title='bbox 1615 1500 1695 1518; x_wconf 78' lang='lat' dir='ltr'><strong>scena</strong></span> 
     </span>
     <span class='ocr_line' id='line_1_17' title="bbox 109 1536 1692 1568; baseline 0 -6"><span class='ocrx_word' id='word_1_138' title='bbox 109 1538 212 1567; x_wconf 78' lang='lat' dir='ltr'><strong>Euclio,</strong></span> <span class='ocrx_word' id='word_1_139' title='bbox 237 1545 317 1564; x_wconf 74' lang='lat' dir='ltr'><strong>scena</strong></span> <span class='ocrx_word' id='word_1_140' title='bbox 337 1543 429 1564; x_wconf 70' lang='lat' dir='ltr'><strong>tamen</strong></span> <span class='ocrx_word' id='word_1_141' title='bbox 449 1538 732 1563; x_wconf 60' lang='lat' dir='ltr'><strong>continuatum—41.</strong></span> <span class='ocrx_word' id='word_1_142' title='bbox 750 1538 803 1562; x_wconf 86' lang='lat' dir='ltr'><strong>Sex</strong></span> <span class='ocrx_word' id='word_1_143' title='bbox 823 1537 905 1562; x_wconf 83' lang='lat' dir='ltr'>codd.</span> <span class='ocrx_word' id='word_1_144' title='bbox 926 1538 1075 1568; x_wconf 65' lang='lat' dir='ltr'><strong>prospe-zi:</strong></span> <span class='ocrx_word' id='word_1_145' title='bbox 1101 1544 1180 1566; x_wconf 79' lang='lat' dir='ltr'><strong>unus,</strong></span> <span class='ocrx_word' id='word_1_146' title='bbox 1204 1536 1239 1561; x_wconf 85' lang='grc' dir='ltr'><strong>Η.</strong></span> <span class='ocrx_word' id='word_1_147' title='bbox 1258 1538 1280 1561; x_wconf 91' lang='lat'><strong>1.</strong></span> <span class='ocrx_word' id='word_1_148' title='bbox 1298 1537 1535 1568; x_wconf 49' lang='lat' dir='ltr'><strong>consputi—42.</strong></span> <span class='ocrx_word' id='word_1_149' title='bbox 1554 1538 1597 1562; x_wconf 77' lang='lat' dir='ltr'><strong>Ita</strong></span> <span class='ocrx_word' id='word_1_150' title='bbox 1618 1537 1651 1561; x_wconf 86' lang='lat' dir='ltr'><strong>R.</strong></span> <span class='ocrx_word' id='word_1_151' title='bbox 1668 1538 1692 1562; x_wconf 79' lang='lat'><strong>2.</strong></span> 
     </span>
     <span class='ocr_line' id='line_1_18' title="bbox 109 1579 1696 1612; baseline 0 -8"><span class='ocrx_word' id='word_1_152' title='bbox 109 1580 145 1605; x_wconf 84' lang='grc' dir='ltr'><strong>Η.</strong></span> <span class='ocrx_word' id='word_1_153' title='bbox 162 1581 186 1605; x_wconf 85' lang='lat'><strong>2.</strong></span> <span class='ocrx_word' id='word_1_154' title='bbox 204 1580 277 1612; x_wconf 74' lang='lat' dir='ltr'><strong>vulg.</strong></span> <span class='ocrx_word' id='word_1_155' title='bbox 301 1587 375 1606; x_wconf 70' lang='lat' dir='ltr'><strong>nunc</strong></span> <span class='ocrx_word' id='word_1_156' title='bbox 387 1581 449 1611; x_wconf 63' lang='lat' dir='ltr'><strong>jan</strong></span> <span class='ocrx_word' id='word_1_157' title='bbox 470 1581 550 1605; x_wconf 72' lang='lat' dir='ltr'><strong>intro.</strong></span> <span class='ocrx_word' id='word_1_158' title='bbox 584 1580 718 1605; x_wconf 74' lang='lat' dir='ltr'><strong>Caeterum</strong></span> <span class='ocrx_word' id='word_1_159' title='bbox 739 1580 806 1609; x_wconf 71' lang='lat' dir='ltr'><strong>redi,</strong></span> <span class='ocrx_word' id='word_1_160' title='bbox 828 1579 967 1611; x_wconf 78' lang='lat' dir='ltr'><strong>posteriori</strong></span> <span class='ocrx_word' id='word_1_161' title='bbox 988 1579 1078 1604; x_wconf 77' lang='lat' dir='ltr'><strong>littera</strong></span> <span class='ocrx_word' id='word_1_162' title='bbox 1095 1583 1217 1611; x_wconf 65' lang='lat' dir='ltr'><strong>ern-repta</strong></span> <span class='ocrx_word' id='word_1_163' title='bbox 1237 1579 1396 1611; x_wconf 82' lang='lat' dir='ltr'><strong>plemmque</strong></span> <span class='ocrx_word' id='word_1_164' title='bbox 1416 1579 1515 1612; x_wconf 74' lang='lat' dir='ltr'><strong>legitur</strong></span> <span class='ocrx_word' id='word_1_165' title='bbox 1535 1580 1607 1611; x_wconf 83' lang='lat' dir='ltr'><strong>apud</strong></span> <span class='ocrx_word' id='word_1_166' title='bbox 1628 1580 1696 1605; x_wconf 66' lang='lat' dir='ltr'><strong>Nos-</strong></span> 
     </span>
     <span class='ocr_line' id='line_1_19' title="bbox 109 1618 1697 1654; baseline 0.001 -9"><span class='ocrx_word' id='word_1_167' title='bbox 109 1623 191 1645; x_wconf 85' lang='lat' dir='ltr'><strong>trum.</strong></span> <span class='ocrx_word' id='word_1_168' title='bbox 227 1621 331 1651; x_wconf 75' lang='lat' dir='ltr'><strong>Quippe</strong></span> <span class='ocrx_word' id='word_1_169' title='bbox 350 1619 400 1650; x_wconf 79' lang='lat' dir='ltr'><strong>m&#39;l,</strong></span> <span class='ocrx_word' id='word_1_170' title='bbox 419 1619 512 1644; x_wconf 72' lang='lat' dir='ltr'><strong>decem</strong></span> <span class='ocrx_word' id='word_1_171' title='bbox 529 1618 612 1643; x_wconf 74' lang='lat' dir='ltr'><strong>codd.</strong></span> <span class='ocrx_word' id='word_1_172' title='bbox 629 1619 713 1644; x_wconf 76' lang='lat' dir='ltr'><strong>nostri</strong></span> <span class='ocrx_word' id='word_1_173' title='bbox 732 1622 760 1644; x_wconf 79' lang='lat' dir='ltr'><strong>et</strong></span> <span class='ocrx_word' id='word_1_174' title='bbox 775 1623 828 1644; x_wconf 76' lang='lat' dir='ltr'><strong>tres</strong></span> <span class='ocrx_word' id='word_1_175' title='bbox 848 1619 950 1644; x_wconf 83' lang='lat' dir='ltr'><strong>Vindd.</strong></span> <span class='ocrx_word' id='word_1_176' title='bbox 970 1622 997 1643; x_wconf 81' lang='lat' dir='ltr'><strong>et</strong></span> <span class='ocrx_word' id='word_1_177' title='bbox 1016 1619 1064 1643; x_wconf 87' lang='lat' dir='ltr'><strong>Ed.</strong></span> <span class='ocrx_word' id='word_1_178' title='bbox 1084 1619 1113 1643; x_wconf 81' lang='lat' dir='ltr'><strong>P.</strong></span> <span class='ocrx_word' id='word_1_179' title='bbox 1133 1626 1211 1649; x_wconf 81' lang='lat' dir='ltr'><strong>unus,</strong></span> <span class='ocrx_word' id='word_1_180' title='bbox 1230 1619 1264 1644; x_wconf 87' lang='lat' dir='ltr'><strong>H.</strong></span> <span class='ocrx_word' id='word_1_181' title='bbox 1282 1622 1305 1644; x_wconf 84' lang='lat'><strong>5.</strong></span> <span class='ocrx_word' id='word_1_182' title='bbox 1323 1621 1401 1646; x_wconf 76' lang='grc' dir='ltr'><em>ηϋιίι,</em></span> <span class='ocrx_word' id='word_1_183' title='bbox 1435 1621 1470 1646; x_wconf 87' lang='lat' dir='ltr'><strong>V.</strong></span> <span class='ocrx_word' id='word_1_184' title='bbox 1490 1622 1697 1654; x_wconf 62' lang='lat' dir='ltr'><strong>Quipffint—</strong></span> 
     </span>
     <span class='ocr_line' id='line_1_20' title="bbox 109 1661 1695 1695; baseline 0.001 -7"><span class='ocrx_word' id='word_1_185' title='bbox 109 1664 148 1688; x_wconf 73' lang='grc'><strong>45.</strong></span> <span class='ocrx_word' id='word_1_186' title='bbox 167 1662 267 1688; x_wconf 83' lang='lat' dir='ltr'><strong>Deoem</strong></span> <span class='ocrx_word' id='word_1_187' title='bbox 286 1662 367 1687; x_wconf 78' lang='lat' dir='ltr'><strong>eodd.</strong></span> <span class='ocrx_word' id='word_1_188' title='bbox 392 1663 492 1687; x_wconf 74' lang='lat' dir='ltr'><strong>inanis.</strong></span> <span class='ocrx_word' id='word_1_189' title='bbox 526 1662 588 1687; x_wconf 78' lang='lat' dir='ltr'><strong>Tres</strong></span> <span class='ocrx_word' id='word_1_190' title='bbox 608 1661 709 1691; x_wconf 76' lang='lat' dir='ltr'><strong>Nostri,</strong></span> <span class='ocrx_word' id='word_1_191' title='bbox 730 1666 758 1687; x_wconf 74' lang='lat' dir='ltr'><strong>et</strong></span> <span class='ocrx_word' id='word_1_192' title='bbox 777 1661 834 1687; x_wconf 86' lang='lat' dir='ltr'><strong>duo</strong></span> <span class='ocrx_word' id='word_1_193' title='bbox 849 1661 951 1686; x_wconf 81' lang='lat' dir='ltr'><strong>Vindd.</strong></span> <span class='ocrx_word' id='word_1_194' title='bbox 974 1662 1077 1686; x_wconf 72' lang='lat' dir='ltr'><strong>inanoe.</strong></span> <span class='ocrx_word' id='word_1_195' title='bbox 1110 1661 1201 1687; x_wconf 72' lang='lat' dir='ltr'><strong>Habet</strong></span> <span class='ocrx_word' id='word_1_196' title='bbox 1214 1666 1242 1687; x_wconf 78' lang='lat' dir='ltr'><strong>et</strong></span> <span class='ocrx_word' id='word_1_197' title='bbox 1259 1663 1336 1694; x_wconf 78' lang='lat' dir='ltr'><strong>gloss.</strong></span> <span class='ocrx_word' id='word_1_198' title='bbox 1358 1664 1514 1695; x_wconf 76' lang='lat' dir='ltr'><strong>marginale,</strong></span> <span class='ocrx_word' id='word_1_199' title='bbox 1536 1665 1570 1689; x_wconf 74' lang='lat' dir='ltr'><strong>A.</strong></span> <span class='ocrx_word' id='word_1_200' title='bbox 1591 1665 1695 1695; x_wconf 78' lang='lat' dir='ltr'><strong>inanis,</strong></span> 
     </span>
     <span class='ocr_line' id='line_1_21' title="bbox 110 1703 1698 1737; baseline 0.001 -8"><span class='ocrx_word' id='word_1_201' title='bbox 110 1705 251 1730; x_wconf 58' lang='lat' dir='ltr'><strong>vna-tritae.</strong></span> <span class='ocrx_word' id='word_1_202' title='bbox 286 1704 394 1729; x_wconf 72' lang='lat' dir='ltr'><strong>Inaniie</strong></span> <span class='ocrx_word' id='word_1_203' title='bbox 411 1710 461 1735; x_wconf 85' lang='lat' dir='ltr'><strong>pro</strong></span> <span class='ocrx_word' id='word_1_204' title='bbox 475 1703 570 1735; x_wconf 70' lang='lat' dir='ltr'><strong>trisyll-</strong></span> <span class='ocrx_word' id='word_1_205' title='bbox 592 1703 707 1728; x_wconf 63' lang='lat' dir='ltr'><strong>haband.</strong></span> <span class='ocrx_word' id='word_1_206' title='bbox 727 1707 755 1728; x_wconf 82' lang='lat' dir='ltr'><strong>et</strong></span> <span class='ocrx_word' id='word_1_207' title='bbox 770 1705 883 1735; x_wconf 73' lang='lat' dir='ltr'><strong>oppletoe</strong></span> <span class='ocrx_word' id='word_1_208' title='bbox 898 1705 999 1735; x_wconf 63' lang='lat' dir='ltr'><strong>abfflue</strong></span> <span class='ocrx_word' id='word_1_209' title='bbox 1018 1703 1130 1728; x_wconf 80' lang='lat' dir='ltr'><strong>elisione</strong></span> <span class='ocrx_word' id='word_1_210' title='bbox 1145 1704 1338 1735; x_wconf 78' lang='lat' dir='ltr'><strong>pronuntiand.</strong></span> <span class='ocrx_word' id='word_1_211' title='bbox 1372 1705 1460 1735; x_wconf 80' lang='lat' dir='ltr'><strong>Unus,</strong></span> <span class='ocrx_word' id='word_1_212' title='bbox 1480 1705 1516 1730; x_wconf 83' lang='grc' dir='ltr'><strong>Η.</strong></span> <span class='ocrx_word' id='word_1_213' title='bbox 1533 1707 1556 1730; x_wconf 86' lang='grc'><strong>3.</strong></span> <span class='ocrx_word' id='word_1_214' title='bbox 1574 1707 1698 1737; x_wconf 74' lang='lat' dir='ltr'><strong>oppleta-</strong></span> 
     </span>
     <span class='ocr_line' id='line_1_22' title="bbox 110 1745 1697 1779; baseline 0.002 -9"><span class='ocrx_word' id='word_1_215' title='bbox 110 1747 270 1778; x_wconf 53' lang='grc' dir='ltr'><strong>(μω-46.</strong></span> <span class='ocrx_word' id='word_1_216' title='bbox 288 1747 332 1772; x_wconf 73' lang='lat' dir='ltr'><strong>In</strong></span> <span class='ocrx_word' id='word_1_217' title='bbox 351 1753 445 1772; x_wconf 72' lang='lat' dir='ltr'><strong>ornnes</strong></span> <span class='ocrx_word' id='word_1_218' title='bbox 465 1745 548 1770; x_wconf 82' lang='lat' dir='ltr'><strong>Codd.</strong></span> <span class='ocrx_word' id='word_1_219' title='bbox 571 1748 667 1777; x_wconf 68' lang='lat' dir='ltr'><strong>preter</strong></span> <span class='ocrx_word' id='word_1_220' title='bbox 687 1745 759 1770; x_wconf 83' lang='lat' dir='ltr'>B.1.</span> <span class='ocrx_word' id='word_1_221' title='bbox 787 1745 835 1770; x_wconf 87' lang='lat' dir='ltr'><strong>ubi</strong></span> <span class='ocrx_word' id='word_1_222' title='bbox 854 1748 895 1771; x_wconf 59' lang='lat' dir='ltr'><strong>est</strong></span> <span class='ocrx_word' id='word_1_223' title='bbox 915 1748 964 1770; x_wconf 77' lang='lat' dir='ltr'><strong>tua</strong></span> <span class='ocrx_word' id='word_1_224' title='bbox 984 1752 1059 1771; x_wconf 72' lang='lat' dir='ltr'><strong>nunc</strong></span> <span class='ocrx_word' id='word_1_225' title='bbox 1078 1752 1163 1771; x_wconf 78' lang='lat' dir='ltr'><strong>causa</strong></span> <span class='ocrx_word' id='word_1_226' title='bbox 1184 1753 1244 1774; x_wconf 75' lang='lat' dir='ltr'><strong>me,-</strong></span> <span class='ocrx_word' id='word_1_227' title='bbox 1266 1746 1340 1772; x_wconf 73' lang='lat' dir='ltr'><strong>unde</strong></span> <span class='ocrx_word' id='word_1_228' title='bbox 1364 1751 1475 1779; x_wconf 71' lang='lat' dir='ltr'><strong>apparet</strong></span> <span class='ocrx_word' id='word_1_229' title='bbox 1494 1748 1697 1779; x_wconf 74' lang='lat' dir='ltr'><strong>pronuntianda</strong></span> 
     </span>
    </p>
   </div>
   <div class='ocr_carea' id='block_1_6' title="bbox 110 1788 1699 1861">
    <p class='ocr_par' dir='ltr' id='par_1_7' title="bbox 110 1788 1699 1861">
     <span class='ocr_line' id='line_1_23' title="bbox 110 1788 1699 1822; baseline 0.001 -8"><span class='ocrx_word' id='word_1_230' title='bbox 110 1795 166 1814; x_wconf 67' lang='lat' dir='ltr'><strong>eme</strong></span> <span class='ocrx_word' id='word_1_231' title='bbox 183 1789 286 1819; x_wconf 53' lang='grc' dir='ltr'><strong>Μῖνι,</strong></span> <span class='ocrx_word' id='word_1_232' title='bbox 307 1793 334 1815; x_wconf 80' lang='lat' dir='ltr'><strong>et</strong></span> <span class='ocrx_word' id='word_1_233' title='bbox 350 1791 406 1819; x_wconf 70' lang='lat' dir='ltr'><strong>m,</strong></span> <span class='ocrx_word' id='word_1_234' title='bbox 425 1788 644 1820; x_wconf 65' lang='lat' dir='ltr'><strong>uwnnsyunhioe-</strong></span> <span class='ocrx_word' id='word_1_235' title='bbox 678 1788 733 1814; x_wconf 88' lang='lat' dir='ltr'><strong>Bo:</strong></span> <span class='ocrx_word' id='word_1_236' title='bbox 754 1789 857 1814; x_wconf 72' lang='lat' dir='ltr'><strong>omittit</strong></span> <span class='ocrx_word' id='word_1_237' title='bbox 876 1789 1059 1817; x_wconf 63' lang='lat' dir='ltr'><strong>mana—47.</strong></span> <span class='ocrx_word' id='word_1_238' title='bbox 1078 1788 1121 1814; x_wconf 75' lang='lat' dir='ltr'><strong>Ita</strong></span> <span class='ocrx_word' id='word_1_239' title='bbox 1135 1795 1231 1814; x_wconf 77' lang='lat' dir='ltr'><strong>omnes</strong></span> <span class='ocrx_word' id='word_1_240' title='bbox 1245 1789 1330 1814; x_wconf 81' lang='lat' dir='ltr'><strong>codd.</strong></span> <span class='ocrx_word' id='word_1_241' title='bbox 1353 1789 1405 1815; x_wconf 78' lang='lat' dir='ltr'><strong>nisi</strong></span> <span class='ocrx_word' id='word_1_242' title='bbox 1421 1790 1495 1822; x_wconf 80' lang='lat' dir='ltr'><strong>quod</strong></span> <span class='ocrx_word' id='word_1_243' title='bbox 1510 1791 1546 1815; x_wconf 86' lang='grc' dir='ltr'><strong>Η.</strong></span> <span class='ocrx_word' id='word_1_244' title='bbox 1560 1791 1582 1815; x_wconf 90' lang='lat'><strong>1.</strong></span> <span class='ocrx_word' id='word_1_245' title='bbox 1599 1790 1699 1816; x_wconf 63' lang='lat' dir='ltr'>habat</span> 
     </span>
     <span class='ocr_line' id='line_1_24' title="bbox 112 1822 1062 1861; baseline 0.002 -9"><span class='ocrx_word' id='word_1_246' title='bbox 112 1827 235 1858; x_wconf 64' lang='grc' dir='ltr'><strong>κυκήσα-</strong></span> <span class='ocrx_word' id='word_1_247' title='bbox 269 1827 380 1854; x_wconf 72' lang='grc' dir='ltr'><strong>Πνὶοιιι</strong></span> <span class='ocrx_word' id='word_1_248' title='bbox 395 1822 626 1860; x_wconf 78' lang='grc' dir='ltr'>δισσυλλάβως</span> <span class='ocrx_word' id='word_1_249' title='bbox 641 1832 768 1861; x_wconf 75' lang='lat' dir='ltr'><strong>pronum.</strong></span> <span class='ocrx_word' id='word_1_250' title='bbox 785 1832 814 1854; x_wconf 79' lang='lat' dir='ltr'><strong>et</strong></span> <span class='ocrx_word' id='word_1_251' title='bbox 827 1836 914 1861; x_wconf 66' lang='lat' dir='ltr'><strong>royen</strong></span> <span class='ocrx_word' id='word_1_252' title='bbox 928 1836 986 1854; x_wconf 87' lang='lat' dir='ltr'><strong>non</strong></span> <span class='ocrx_word' id='word_1_253' title='bbox 1000 1829 1062 1854; x_wconf 83' lang='lat' dir='ltr'><strong>elid.</strong></span> 
     </span>
    </p>
   </div>
   <div class='ocr_carea' id='block_1_7' title="bbox 117 1959 875 2140">
    <p class='ocr_par' dir='ltr' id='par_1_8' title="bbox 117 1959 875 2140">
     <span class='ocr_line' id='line_1_25' title="bbox 118 1959 873 2010; baseline 0.001 -13"><span class='ocrx_word' id='word_1_254' title='bbox 118 1959 220 1998; x_wconf 75' lang='lat' dir='ltr'><strong>PAR.</strong></span> <span class='ocrx_word' id='word_1_255' title='bbox 250 1959 321 2010; x_wconf 90' lang='lat' dir='ltr'><strong>qui</strong></span> <span class='ocrx_word' id='word_1_256' title='bbox 352 1959 447 1998; x_wconf 80' lang='lat' dir='ltr'><strong>citat</strong></span> <span class='ocrx_word' id='word_1_257' title='bbox 473 1959 590 1998; x_wconf 86' lang='lat' dir='ltr'><strong>Nost.</strong></span> <span class='ocrx_word' id='word_1_258' title='bbox 623 1960 730 1998; x_wconf 88' lang='lat' dir='ltr'><strong>Rud.</strong></span> <span class='ocrx_word' id='word_1_259' title='bbox 763 1966 873 2007; x_wconf 85' lang='lat'>1091.</span> 
     </span>
     <span class='ocr_line' id='line_1_26' title="bbox 117 2037 175 2075; baseline -0.017 -14"><span class='ocrx_word' id='word_1_260' title='bbox 117 2037 175 2075; x_wconf 70' lang='lat' dir='ltr'><strong>sq.</strong></span> 
     </span>
     <span class='ocr_line' id='line_1_27' title="bbox 119 2101 875 2140; baseline 0.001 -8"><span class='ocrx_word' id='word_1_261' title='bbox 119 2103 139 2117; x_wconf 73' lang='lat'><strong>¹⁴</strong></span> <span class='ocrx_word' id='word_1_262' title='bbox 156 2101 243 2138; x_wconf 86' lang='lat' dir='ltr'><strong>Quid</strong></span> <span class='ocrx_word' id='word_1_263' title='bbox 255 2101 391 2138; x_wconf 82' lang='lat' dir='ltr'><strong>meliust,</strong></span> <span class='ocrx_word' id='word_1_264' title='bbox 412 2112 505 2140; x_wconf 85' lang='lat' dir='ltr'><strong>quam</strong></span> <span class='ocrx_word' id='word_1_265' title='bbox 523 2108 560 2133; x_wconf 88' lang='lat' dir='ltr'><strong>ut</strong></span> <span class='ocrx_word' id='word_1_266' title='bbox 576 2102 649 2134; x_wconf 88' lang='lat' dir='ltr'><strong>binc</strong></span> <span class='ocrx_word' id='word_1_267' title='bbox 670 2101 751 2134; x_wconf 85' lang='lat' dir='ltr'><strong>intro</strong></span> <span class='ocrx_word' id='word_1_268' title='bbox 765 2103 875 2133; x_wconf 85' lang='lat' dir='ltr'><strong>abeam</strong></span> 
     </span>
    </p>
   </div>
   <div class='ocr_carea' id='block_1_8' title="bbox 196 2151 703 2189">
    <p class='ocr_par' dir='ltr' id='par_1_9' title="bbox 196 2151 703 2189">
     <span class='ocr_line' id='line_1_28' title="bbox 196 2151 703 2189; baseline 0.004 -9"><span class='ocrx_word' id='word_1_269' title='bbox 196 2156 229 2181; x_wconf 85' lang='lat' dir='ltr'><strong>et</strong></span> <span class='ocrx_word' id='word_1_270' title='bbox 240 2160 291 2181; x_wconf 86' lang='lat' dir='ltr'><strong>me</strong></span> <span class='ocrx_word' id='word_1_271' title='bbox 304 2151 493 2189; x_wconf 83' lang='lat' dir='ltr'><strong>suspendam</strong></span> <span class='ocrx_word' id='word_1_272' title='bbox 507 2151 703 2188; x_wconf 87' lang='lat' dir='ltr'><strong>clanculum,</strong></span> 
     </span>
    </p>
   </div>
   <div class='ocr_carea' id='block_1_9' title="bbox 158 2198 877 2285">
    <p class='ocr_par' dir='ltr' id='par_1_10' title="bbox 158 2198 877 2285">
     <span class='ocr_line' id='line_1_29' title="bbox 158 2198 877 2238; baseline 0.001 -8"><span class='ocrx_word' id='word_1_273' title='bbox 158 2198 275 2230; x_wconf 73' lang='lat' dir='ltr'><strong>Saltem</strong></span> <span class='ocrx_word' id='word_1_274' title='bbox 289 2199 452 2238; x_wconf 79' lang='lat' dir='ltr'><strong>tantisper,</strong></span> <span class='ocrx_word' id='word_1_275' title='bbox 464 2200 539 2231; x_wconf 87' lang='lat' dir='ltr'><strong>dum</strong></span> <span class='ocrx_word' id='word_1_276' title='bbox 553 2200 700 2231; x_wconf 87' lang='lat' dir='ltr'><strong>abscedat</strong></span> <span class='ocrx_word' id='word_1_277' title='bbox 712 2200 780 2232; x_wconf 84' lang='lat' dir='ltr'><strong>haec</strong></span> <span class='ocrx_word' id='word_1_278' title='bbox 795 2211 813 2232; x_wconf 90' lang='lat' dir='ltr'>a</span> <span class='ocrx_word' id='word_1_279' title='bbox 829 2211 877 2231; x_wconf 88' lang='lat' dir='ltr'><strong>me</strong></span> 
     </span>
     <span class='ocr_line' id='line_1_30' title="bbox 200 2247 423 2285; baseline 0 -7"><span class='ocrx_word' id='word_1_280' title='bbox 200 2247 378 2285; x_wconf 61' lang='lat' dir='ltr'><strong>aegrimonia</strong></span> <span class='ocrx_word' id='word_1_281' title='bbox 386 2248 423 2278; x_wconf 57' lang='lat' dir='ltr'><strong>&#39;f’</strong></span> 
     </span>
    </p>
   </div>
   <div class='ocr_carea' id='block_1_10' title="bbox 122 2302 651 2342">
    <p class='ocr_par' dir='ltr' id='par_1_11' title="bbox 122 2302 651 2342">
     <span class='ocr_line' id='line_1_31' title="bbox 122 2302 651 2342; baseline 0.004 -2"><span class='ocrx_word' id='word_1_282' title='bbox 122 2302 321 2341; x_wconf 80' lang='lat' dir='ltr'><strong>Caeterum</strong></span> <span class='ocrx_word' id='word_1_283' title='bbox 340 2303 444 2342; x_wconf 89' lang='lat' dir='ltr'><strong>Vide</strong></span> <span class='ocrx_word' id='word_1_284' title='bbox 461 2304 504 2341; x_wconf 89' lang='lat' dir='ltr'><strong>in</strong></span> <span class='ocrx_word' id='word_1_285' title='bbox 522 2304 651 2342; x_wconf 88' lang='lat' dir='ltr'><strong>Gloss.</strong></span> 
     </span>
    </p>
   </div>
   <div class='ocr_carea' id='block_1_11' title="bbox 124 2386 880 2615">
    <p class='ocr_par' dir='ltr' id='par_1_12' title="bbox 124 2386 880 2615">
     <span class='ocr_line' id='line_1_32' title="bbox 176 2386 876 2439; baseline -0.001 -13"><span class='ocrx_word' id='word_1_286' title='bbox 176 2392 237 2426; x_wconf 78' lang='lat'><strong>40.</strong></span> <span class='ocrx_word' id='word_1_287' title='bbox 283 2386 400 2424; x_wconf 83' lang='lat' dir='ltr'><strong>Nunc</strong></span> <span class='ocrx_word' id='word_1_288' title='bbox 417 2386 598 2438; x_wconf 66' lang='lat' dir='ltr'><strong>dffecato,</strong></span> <span class='ocrx_word' id='word_1_289' title='bbox 618 2387 717 2439; x_wconf 86' lang='lat' dir='ltr'><strong>etc.]</strong></span> <span class='ocrx_word' id='word_1_290' title='bbox 747 2387 876 2425; x_wconf 86' lang='lat' dir='ltr'>‘Now</span> 
     </span>
     <span class='ocr_line' id='line_1_33' title="bbox 124 2450 875 2502; baseline -0.001 -13"><span class='ocrx_word' id='word_1_291' title='bbox 124 2450 145 2488; x_wconf 95' lang='lat' dir='ltr'>I</span> <span class='ocrx_word' id='word_1_292' title='bbox 165 2463 275 2489; x_wconf 86' lang='lat' dir='ltr'><strong>come</strong></span> <span class='ocrx_word' id='word_1_293' title='bbox 293 2458 364 2489; x_wconf 89' lang='lat' dir='ltr'><strong>out</strong></span> <span class='ocrx_word' id='word_1_294' title='bbox 379 2451 476 2489; x_wconf 85' lang='lat' dir='ltr'><strong>with</strong></span> <span class='ocrx_word' id='word_1_295' title='bbox 493 2464 561 2502; x_wconf 86' lang='lat' dir='ltr'><strong>my</strong></span> <span class='ocrx_word' id='word_1_296' title='bbox 576 2451 688 2489; x_wconf 82' lang='lat' dir='ltr'><strong>mind</strong></span> <span class='ocrx_word' id='word_1_297' title='bbox 706 2458 747 2489; x_wconf 83' lang='lat' dir='ltr'><strong>at</strong></span> <span class='ocrx_word' id='word_1_298' title='bbox 763 2452 875 2489; x_wconf 87' lang='lat' dir='ltr'><strong>ease.’</strong></span> 
     </span>
     <span class='ocr_line' id='line_1_34' title="bbox 126 2511 880 2563; baseline 0 -13"><span class='ocrx_word' id='word_1_299' title='bbox 126 2511 159 2550; x_wconf 91' lang='lat' dir='ltr'><strong>I.</strong></span> <span class='ocrx_word' id='word_1_300' title='bbox 177 2526 211 2551; x_wconf 90' lang='lat' dir='ltr'><strong>e.</strong></span> <span class='ocrx_word' id='word_1_301' title='bbox 256 2513 404 2550; x_wconf 90' lang='lat' dir='ltr'><strong>Animo</strong></span> <span class='ocrx_word' id='word_1_302' title='bbox 421 2512 568 2557; x_wconf 83' lang='lat' dir='ltr'><strong>sedato,</strong></span> <span class='ocrx_word' id='word_1_303' title='bbox 593 2512 820 2563; x_wconf 81' lang='lat' dir='ltr'><strong>tranquillo,</strong></span> <span class='ocrx_word' id='word_1_304' title='bbox 840 2519 880 2550; x_wconf 86' lang='lat' dir='ltr'><strong>et</strong></span> 
     </span>
     <span class='ocr_line' id='line_1_35' title="bbox 126 2575 880 2615; baseline 0.003 -3"><span class='ocrx_word' id='word_1_305' title='bbox 126 2575 267 2614; x_wconf 87' lang='lat' dir='ltr'><strong>timore</strong></span> <span class='ocrx_word' id='word_1_306' title='bbox 309 2590 446 2615; x_wconf 86' lang='lat' dir='ltr'><strong>vacuo.</strong></span> <span class='ocrx_word' id='word_1_307' title='bbox 502 2576 601 2614; x_wconf 89' lang='lat' dir='ltr'><strong>Haec</strong></span> <span class='ocrx_word' id='word_1_308' title='bbox 639 2576 695 2614; x_wconf 88' lang='lat' dir='ltr'><strong>ait</strong></span> <span class='ocrx_word' id='word_1_309' title='bbox 738 2589 880 2614; x_wconf 82' lang='lat' dir='ltr'><strong>avarus</strong></span> 
     </span>
    </p>
   </div>
   <div class='ocr_carea' id='block_1_12' title="bbox 128 2638 881 2739">
    <p class='ocr_par' dir='ltr' id='par_1_13' title="bbox 128 2638 881 2739">
     <span class='ocr_line' id='line_1_36' title="bbox 128 2638 881 2690; baseline 0.003 -15"><span class='ocrx_word' id='word_1_310' title='bbox 128 2638 246 2676; x_wconf 86' lang='lat' dir='ltr'><strong>domo</strong></span> <span class='ocrx_word' id='word_1_311' title='bbox 272 2639 386 2677; x_wconf 85' lang='lat' dir='ltr'><strong>laetus</strong></span> <span class='ocrx_word' id='word_1_312' title='bbox 414 2639 621 2690; x_wconf 88' lang='lat' dir='ltr'><strong>egrediens</strong></span> <span class='ocrx_word' id='word_1_313' title='bbox 670 2646 881 2690; x_wconf 84' lang='lat' dir='ltr'><strong>postquam</strong></span> 
     </span>
     <span class='ocr_line' id='line_1_37' title="bbox 129 2699 879 2739; baseline 0 -2"><span class='ocrx_word' id='word_1_314' title='bbox 129 2699 282 2737; x_wconf 85' lang='lat' dir='ltr'><strong>salvum</strong></span> <span class='ocrx_word' id='word_1_315' title='bbox 305 2713 388 2739; x_wconf 86' lang='lat' dir='ltr'><strong>esse</strong></span> <span class='ocrx_word' id='word_1_316' title='bbox 411 2713 553 2738; x_wconf 84' lang='lat' dir='ltr'><strong>aurum</strong></span> <span class='ocrx_word' id='word_1_317' title='bbox 579 2713 621 2738; x_wconf 83' lang='lat' dir='ltr'><strong>se</strong></span> <span class='ocrx_word' id='word_1_318' title='bbox 637 2700 779 2739; x_wconf 84' lang='lat' dir='ltr'><strong>fecerit</strong></span> <span class='ocrx_word' id='word_1_319' title='bbox 795 2713 879 2738; x_wconf 90' lang='lat' dir='ltr'><strong>cer-</strong></span> 
     </span>
    </p>
   </div>
   <div class='ocr_carea' id='block_1_13' title="bbox 128 2762 881 2877">
    <p class='ocr_par' dir='ltr' id='par_1_14' title="bbox 128 2762 881 2877">
     <span class='ocr_line' id='line_1_38' title="bbox 128 2762 881 2802; baseline 0 -3"><span class='ocrx_word' id='word_1_320' title='bbox 128 2762 281 2800; x_wconf 86' lang='lat' dir='ltr'><strong>tiorem.</strong></span> <span class='ocrx_word' id='word_1_321' title='bbox 334 2763 417 2802; x_wconf 88' lang='lat' dir='ltr'><strong>Hic</strong></span> <span class='ocrx_word' id='word_1_322' title='bbox 437 2776 551 2801; x_wconf 84' lang='lat' dir='ltr'><strong>novae</strong></span> <span class='ocrx_word' id='word_1_323' title='bbox 575 2775 701 2801; x_wconf 82' lang='lat' dir='ltr'><strong>scenae</strong></span> <span class='ocrx_word' id='word_1_324' title='bbox 722 2762 881 2800; x_wconf 85' lang='lat' dir='ltr'><strong>initium</strong></span> 
     </span>
     <span class='ocr_line' id='line_1_39' title="bbox 130 2825 880 2877; baseline 0 -14"><span class='ocrx_word' id='word_1_325' title='bbox 130 2825 310 2877; x_wconf 81' lang='lat' dir='ltr'><strong>plerique</strong></span> <span class='ocrx_word' id='word_1_326' title='bbox 328 2827 380 2864; x_wconf 92' lang='lat' dir='ltr'><strong>ob</strong></span> <span class='ocrx_word' id='word_1_327' title='bbox 395 2826 498 2865; x_wconf 88' lang='lat' dir='ltr'><strong>hanc</strong></span> <span class='ocrx_word' id='word_1_328' title='bbox 514 2839 672 2865; x_wconf 77' lang='lat' dir='ltr'><strong>oausam</strong></span> <span class='ocrx_word' id='word_1_329' title='bbox 688 2825 880 2865; x_wconf 76' lang='lat' dir='ltr'><strong>feoerunt.</strong></span> 
     </span>
    </p>
   </div>
   <div class='ocr_carea' id='block_1_14' title="bbox 941 1962 1699 2191">
    <p class='ocr_par' dir='ltr' id='par_1_15' title="bbox 941 1962 1699 2191">
     <span class='ocr_line' id='line_1_40' title="bbox 993 1962 1696 2015; baseline -0.003 -14"><span class='ocrx_word' id='word_1_330' title='bbox 993 1968 1055 2001; x_wconf 82' lang='lat'><strong>45.</strong></span> <span class='ocrx_word' id='word_1_331' title='bbox 1110 1962 1137 2000; x_wconf 93' lang='lat' dir='ltr'><strong><em>I</em></strong></span> <span class='ocrx_word' id='word_1_332' title='bbox 1138 1962 1267 2000; x_wconf 77' lang='lat' dir='ltr'><strong>naniis</strong></span> <span class='ocrx_word' id='word_1_333' title='bbox 1284 1962 1480 2015; x_wconf 54' lang='lat' dir='ltr'><strong>oppleta]</strong></span> <span class='ocrx_word' id='word_1_334' title='bbox 1535 1962 1696 2013; x_wconf 87' lang='lat' dir='ltr'><strong>Hyper·</strong></span> 
     </span>
     <span class='ocr_line' id='line_1_41' title="bbox 941 2026 1696 2078; baseline -0.001 -14"><span class='ocrx_word' id='word_1_335' title='bbox 941 2027 1042 2065; x_wconf 90' lang='lat' dir='ltr'><strong>bole.</strong></span> <span class='ocrx_word' id='word_1_336' title='bbox 1085 2027 1144 2064; x_wconf 91' lang='lat' dir='ltr'><strong>Id.</strong></span> <span class='ocrx_word' id='word_1_337' title='bbox 1173 2040 1242 2077; x_wconf 92' lang='lat' dir='ltr'><strong>qu.</strong></span> <span class='ocrx_word' id='word_1_338' title='bbox 1298 2026 1494 2065; x_wconf 81' lang='lat' dir='ltr'><strong>Inanitate</strong></span> <span class='ocrx_word' id='word_1_339' title='bbox 1542 2026 1671 2078; x_wconf 86' lang='lat' dir='ltr'><strong>plenae</strong></span> <span class='ocrx_word' id='word_1_340' title='bbox 1682 2041 1696 2072; x_wconf 80' lang='lat'>3</span> 
     </span>
     <span class='ocr_line' id='line_1_42' title="bbox 943 2088 1699 2140; baseline -0.003 -13"><span class='ocrx_word' id='word_1_341' title='bbox 943 2095 955 2111; x_wconf 89' lang='lat'><em>‘</em></span> <span class='ocrx_word' id='word_1_342' title='bbox 970 2089 1099 2128; x_wconf 89' lang='lat' dir='ltr'><strong>Filled</strong></span> <span class='ocrx_word' id='word_1_343' title='bbox 1127 2088 1225 2126; x_wconf 86' lang='lat' dir='ltr'><strong>with</strong></span> <span class='ocrx_word' id='word_1_344' title='bbox 1254 2089 1494 2140; x_wconf 83' lang='lat' dir='ltr'><strong>emptiness,&#39;</strong></span> <span class='ocrx_word' id='word_1_345' title='bbox 1520 2096 1567 2127; x_wconf 88' lang='lat' dir='ltr'><strong>ut</strong></span> <span class='ocrx_word' id='word_1_346' title='bbox 1597 2088 1699 2126; x_wconf 85' lang='lat' dir='ltr'><strong>dixit</strong></span> 
     </span>
     <span class='ocr_line' id='line_1_43' title="bbox 942 2151 1361 2191; baseline -0.002 -1"><span class='ocrx_word' id='word_1_347' title='bbox 942 2152 1091 2191; x_wconf 83' lang='lat' dir='ltr'><strong>Noster</strong></span> <span class='ocrx_word' id='word_1_348' title='bbox 1119 2151 1244 2190; x_wconf 86' lang='lat' dir='ltr'><strong>Merc.</strong></span> <span class='ocrx_word' id='word_1_349' title='bbox 1273 2151 1361 2191; x_wconf 85' lang='lat'><em>565.</em></span> 
     </span>
    </p>
   </div>
   <div class='ocr_carea' id='block_1_15' title="bbox 1120 2234 1509 2274">
    <p class='ocr_par' dir='ltr' id='par_1_16' title="bbox 1120 2234 1509 2274">
     <span class='ocr_line' id='line_1_44' title="bbox 1120 2234 1509 2274; baseline -0.003 -8"><span class='ocrx_word' id='word_1_350' title='bbox 1120 2238 1142 2251; x_wconf 75' lang='lat'><strong>‘⁴</strong></span> <span class='ocrx_word' id='word_1_351' title='bbox 1157 2235 1340 2274; x_wconf 80' lang='lat' dir='ltr'><strong>Jejunitatis</strong></span> <span class='ocrx_word' id='word_1_352' title='bbox 1359 2234 1509 2273; x_wconf 86' lang='lat' dir='ltr'><strong>plenus.&#39;’</strong></span> 
     </span>
    </p>
   </div>
   <div class='ocr_carea' id='block_1_16' title="bbox 943 2326 1701 2744">
    <p class='ocr_par' dir='ltr' id='par_1_17' title="bbox 943 2326 1701 2744">
     <span class='ocr_line' id='line_1_45' title="bbox 995 2326 1698 2379; baseline -0.003 -13"><span class='ocrx_word' id='word_1_353' title='bbox 995 2334 1057 2372; x_wconf 85' lang='lat'><strong>47.</strong></span> <span class='ocrx_word' id='word_1_354' title='bbox 1114 2326 1338 2379; x_wconf 78' lang='lat' dir='ltr'><strong>Philippum</strong></span> <span class='ocrx_word' id='word_1_355' title='bbox 1366 2340 1490 2379; x_wconf 84' lang='lat' dir='ltr'><strong>regem</strong></span> <span class='ocrx_word' id='word_1_356' title='bbox 1518 2333 1586 2364; x_wconf 80' lang='lat' dir='ltr'><strong>aut</strong></span> <span class='ocrx_word' id='word_1_357' title='bbox 1610 2326 1698 2364; x_wconf 85' lang='lat' dir='ltr'><strong>Da·</strong></span> 
     </span>
     <span class='ocr_line' id='line_1_46' title="bbox 943 2389 1694 2442; baseline -0.003 -14"><span class='ocrx_word' id='word_1_358' title='bbox 943 2390 1079 2442; x_wconf 70' lang='lat' dir='ltr'><strong>rium]</strong></span> <span class='ocrx_word' id='word_1_359' title='bbox 1121 2390 1176 2428; x_wconf 91' lang='lat' dir='ltr'><strong>Hi</strong></span> <span class='ocrx_word' id='word_1_360' title='bbox 1194 2404 1309 2441; x_wconf 90' lang='lat' dir='ltr'><strong>reges</strong></span> <span class='ocrx_word' id='word_1_361' title='bbox 1328 2391 1379 2428; x_wconf 95' lang='lat' dir='ltr'><strong>ob</strong></span> <span class='ocrx_word' id='word_1_362' title='bbox 1397 2389 1555 2427; x_wconf 86' lang='lat' dir='ltr'><strong>divitias</strong></span> <span class='ocrx_word' id='word_1_363' title='bbox 1570 2390 1694 2427; x_wconf 81' lang='lat' dir='ltr'><strong>maxi-</strong></span> 
     </span>
     <span class='ocr_line' id='line_1_47' title="bbox 944 2452 1700 2503; baseline -0.003 -11"><span class='ocrx_word' id='word_1_364' title='bbox 944 2467 1007 2492; x_wconf 89' lang='lat' dir='ltr'><strong>me</strong></span> <span class='ocrx_word' id='word_1_365' title='bbox 1043 2453 1216 2492; x_wconf 90' lang='lat' dir='ltr'><strong>celebres</strong></span> <span class='ocrx_word' id='word_1_366' title='bbox 1247 2459 1360 2491; x_wconf 87' lang='lat' dir='ltr'><strong>erant</strong></span> <span class='ocrx_word' id='word_1_367' title='bbox 1370 2466 1383 2498; x_wconf 77' lang='lat'><em>3</em></span> <span class='ocrx_word' id='word_1_368' title='bbox 1419 2459 1460 2489; x_wconf 90' lang='lat' dir='ltr'><strong>et</strong></span> <span class='ocrx_word' id='word_1_369' title='bbox 1497 2452 1700 2503; x_wconf 86' lang='lat' dir='ltr'><strong>praecipue</strong></span> 
     </span>
     <span class='ocr_line' id='line_1_48' title="bbox 944 2515 1698 2567; baseline -0.001 -12"><span class='ocrx_word' id='word_1_370' title='bbox 944 2525 1031 2556; x_wconf 87' lang='lat' dir='ltr'><strong>tum</strong></span> <span class='ocrx_word' id='word_1_371' title='bbox 1048 2517 1238 2567; x_wconf 86' lang='lat' dir='ltr'><strong>temporis</strong></span> <span class='ocrx_word' id='word_1_372' title='bbox 1256 2529 1346 2554; x_wconf 90' lang='lat' dir='ltr'><strong>cum</strong></span> <span class='ocrx_word' id='word_1_373' title='bbox 1366 2515 1427 2552; x_wconf 85' lang='lat' dir='ltr'><strong>hae</strong></span> <span class='ocrx_word' id='word_1_374' title='bbox 1446 2515 1603 2561; x_wconf 88' lang='lat' dir='ltr'><strong>fabulae,</strong></span> <span class='ocrx_word' id='word_1_375' title='bbox 1630 2530 1698 2554; x_wconf 84' lang='lat' dir='ltr'><strong>seu</strong></span> 
     </span>
     <span class='ocr_line' id='line_1_49' title="bbox 946 2577 1701 2617; baseline -0.004 0"><span class='ocrx_word' id='word_1_376' title='bbox 946 2579 1158 2617; x_wconf 80' lang='lat' dir='ltr'><strong>Menandri</strong></span> <span class='ocrx_word' id='word_1_377' title='bbox 1178 2578 1260 2616; x_wconf 91' lang='lat' dir='ltr'><strong>sive</strong></span> <span class='ocrx_word' id='word_1_378' title='bbox 1282 2577 1381 2615; x_wconf 83' lang='lat' dir='ltr'><strong>alius</strong></span> <span class='ocrx_word' id='word_1_379' title='bbox 1403 2577 1526 2614; x_wconf 84' lang='lat' dir='ltr'><strong>Novae</strong></span> <span class='ocrx_word' id='word_1_380' title='bbox 1545 2578 1701 2615; x_wconf 89' lang='lat' dir='ltr'><strong>Comoe-</strong></span> 
     </span>
     <span class='ocr_line' id='line_1_50' title="bbox 947 2639 1701 2690; baseline 0 -12"><span class='ocrx_word' id='word_1_381' title='bbox 947 2641 1023 2678; x_wconf 87' lang='lat' dir='ltr'><strong>diae</strong></span> <span class='ocrx_word' id='word_1_382' title='bbox 1036 2640 1206 2679; x_wconf 83' lang='lat' dir='ltr'><strong>auctoris</strong></span> <span class='ocrx_word' id='word_1_383' title='bbox 1220 2639 1381 2684; x_wconf 87' lang='lat' dir='ltr'><strong>fuerint,</strong></span> <span class='ocrx_word' id='word_1_384' title='bbox 1397 2639 1572 2690; x_wconf 88' lang='lat' dir='ltr'><strong>primum</strong></span> <span class='ocrx_word' id='word_1_385' title='bbox 1582 2640 1701 2678; x_wconf 77' lang='lat' dir='ltr'><strong>editae</strong></span> 
     </span>
     <span class='ocr_line' id='line_1_51' title="bbox 947 2689 1698 2744; baseline 0.001 -1"><span class='ocrx_word' id='word_1_386' title='bbox 947 2712 1050 2743; x_wconf 89' lang='lat' dir='ltr'><strong>sunt.</strong></span> <span class='ocrx_word' id='word_1_387' title='bbox 1106 2689 1301 2742; x_wconf 70' lang='lat' dir='ltr'><strong>Caeteruin</strong></span> <span class='ocrx_word' id='word_1_388' title='bbox 1323 2703 1458 2742; x_wconf 87' lang='lat' dir='ltr'><strong>confer</strong></span> <span class='ocrx_word' id='word_1_389' title='bbox 1482 2703 1591 2742; x_wconf 85' lang='lat' dir='ltr'><strong>Pers.</strong></span> <span class='ocrx_word' id='word_1_390' title='bbox 1610 2710 1698 2744; x_wconf 85' lang='lat'><strong>333.</strong></span> 
     </span>
    </p>
   </div>
   <div class='ocr_carea' id='block_1_17' title="bbox 948 2783 1704 2867">
    <p class='ocr_par' dir='ltr' id='par_1_18' title="bbox 948 2783 1704 2867">
     <span class='ocr_line' id='line_1_52' title="bbox 948 2783 1704 2825; baseline 0 -7"><span class='ocrx_word' id='word_1_391' title='bbox 948 2789 968 2801; x_wconf 77' lang='lat'><strong>⁸⁸</strong></span> <span class='ocrx_word' id='word_1_392' title='bbox 983 2786 1115 2823; x_wconf 82' lang='lat' dir='ltr'><strong>Mirum,</strong></span> <span class='ocrx_word' id='word_1_393' title='bbox 1146 2785 1223 2825; x_wconf 88' lang='lat' dir='ltr'><strong>quin</strong></span> <span class='ocrx_word' id='word_1_394' title='bbox 1250 2785 1327 2824; x_wconf 77' lang='lat' dir='ltr'><strong>regis</strong></span> <span class='ocrx_word' id='word_1_395' title='bbox 1353 2783 1496 2823; x_wconf 82' lang='lat' dir='ltr'><strong>Philippi</strong></span> <span class='ocrx_word' id='word_1_396' title='bbox 1526 2795 1620 2818; x_wconf 80' lang='lat' dir='ltr'><strong>causa</strong></span> <span class='ocrx_word' id='word_1_397' title='bbox 1645 2793 1704 2818; x_wconf 81' lang='lat' dir='ltr'><strong>aut</strong></span> 
     </span>
     <span class='ocr_line' id='line_1_53' title="bbox 1027 2835 1141 2867; baseline -0.009 0"><span class='ocrx_word' id='word_1_398' title='bbox 1027 2835 1141 2867; x_wconf 68' lang='lat' dir='ltr'><strong>Attali·</strong></span> 
     </span>
    </p>
   </div>
  </div>
 </body>
</html>
