1864 3152
178 230 265 273 184
738 228 1155 273 GLOSSARIUM
1202 263 1205 266 ,

247 369 339 410 437.
408 355 667 418 Armine]
727 362 968 409 Braoecete.
1038 366 1142 406 Vide
1169 366 1211 405 in
1239 379 1275 403 v.
1306 370 1395 405 428.
1448 363 1628 409 Dictum,
1656 364 1710 402 ait

174 447 330 492 Festus,
358 446 408 486 ab
435 459 554 491 armo,
583 458 666 499 quo
691 445 852 484 nomine
879 444 975 484 olim
1001 444 1192 483 humerus
1219 456 1310 482 curn
1338 441 1501 481 brachio
1527 442 1710 495 designa-

173 522 290 563 batur
300 536 312 568 ;
341 528 531 572 erantque
550 519 723 566 armillae,
736 533 845 558 arma
856 519 949 559 inde
963 518 1241 572 dependentia.
1279 517 1414 556 Pitisc.
1434 517 1530 556 Lex.
1542 517 1710 569 Antiqu.

173 591 195 613 ⁵'
208 597 465 636 Exornabant
482 602 698 648 utrumque
717 594 937 634 brachium.
995 593 1112 633 Unde
1137 592 1352 645 aliquando
1370 592 1514 630 destroe
1538 599 1579 631 et
1596 591 1711 630 sinie-

169 678 241 713 troe
263 671 524 725 appellantur.
579 671 798 710 Gestabant
822 684 912 709 cum
942 669 1015 707 viri
1040 677 1127 707 tum
1150 668 1376 707 mulieres.“
1430 667 1507 706 Ov.
1529 668 1560 706 F
1562 675 1633 706 ast.
1655 667 1709 706 11.

173 752 261 788 323.
316 746 543 798 “Fregerat
559 744 734 785 armillae
754 758 833 783 non
858 744 926 783 illa
943 744 994 782 ad
1013 743 1175 782 brachia
1192 743 1350 782 factus·
1406 742 1494 794 (ubi
1514 741 1710 781 Herculea

170 822 315 874 pueUae
334 821 508 861 cultibus
526 820 768 870 instruitur.)
814 820 903 859 Liv.
927 818 978 859 X.
998 825 1059 858 44.
1110 824 1136 842 “
1149 818 1316 870 Equites
1333 816 1499 857 armillis
1512 817 1711 869 argenteis

172 897 329 936 donat.”
382 896 470 948 (ubi
499 896 676 934 virorum
705 902 798 934 sunt
824 895 1028 947 insignia.)

245 1005 334 1042 441.
398 991 631 1054 Inaures]
687 996 946 1050 Bar-ringa-
1010 998 1210 1048 Ἐλλόβια.
1263 999 1509 1039 Ornamenta
1540 1011 1632 1049 quae
1658 1011 1706 1036 ex

170 1083 334 1121 auribus
360 1081 570 1133 perforatis
596 1079 834 1132 dependent.

244 1192 333 1227 442.
398 1181 564 1229 Duom
586 1176 828 1240 numum]
887 1188 941 1227 H.
961 1202 994 1227 e.
1023 1188 1181 1227 duorum
1201 1201 1430 1226 nummorum
1449 1187 1589 1240 pretio.
1644 1186 1706 1225 De

169 1284 290 1317 numo,
319 1268 422 1308 Vide
440 1269 482 1307 in
502 1282 538 1306 v.
562 1266 647 1307 136.

251 1401 319 1408 —
392 1368 694 1434 stalagmia]
735 1371 904 1427 Drop8‚·
927 1372 1164 1427 pendant&
1201 1373 1342 1413 Graeca
1356 1372 1706 1419 vonum-amieo·-

168 1456 282 1503 stillo,
310 1469 402 1495 nam
422 1455 499 1495 hoc
516 1468 644 1506 genus
667 1454 867 1494 inaurium
891 1468 939 1494 ex
959 1454 1090 1493 baccis
1113 1452 1297 1505 oblongis
1320 1460 1415 1500 erat,
1444 1466 1534 1504 quae
1552 1452 1707 1490 minuto

166 1532 314 1572 annulo
348 1531 480 1571 infixe
514 1545 563 1570 ex
597 1531 763 1570 auribus
793 1529 965 1582 pensiles
993 1528 1350 1581 suspendebantur.
1405 1527 1527 1567 Notat
1558 1527 1704 1566 Lan:

167 1608 189 1622 ''
203 1605 419 1658 Stalagmia
454 1618 526 1659 per
561 1605 850 1657 appositionem
886 1603 1026 1642 eodem
1059 1616 1152 1642 casu
1189 1616 1270 1656 quo
1306 1602 1458 1641 inaures
1490 1600 1704 1652 legendum

166 1696 271 1722 esse:
301 1694 394 1720 nam
424 1680 578 1720 inaures
606 1680 724 1719 latius
752 1687 888 1732 patere
920 1692 1040 1731 quam
1068 1678 1298 1730 stalagmia,·
1323 1677 1426 1716 hanc
1454 1690 1598 1729 nempe
1622 1689 1706 1715 esse

168 1757 339 1810 speciem
366 1770 436 1796 seu
462 1763 629 1808 partem,
658 1755 759 1793 illud
785 1762 919 1793 autem
946 1759 1114 1806 genus.“

243 1869 330 1904 444.
400 1856 801 1922 Manupretium.]
835 1864 976 1909 Van-o,
991 1864 1081 1904 Lib.
1094 1863 1164 1902 IV.
1179 1863 1225 1901 L.
1237 1863 1282 1902 1..
1295 1876 1328 1902 c.
1341 1861 1404 1903 36.
1424 1860 1574 1909 ”Quod
1588 1873 1701 1898 manu

151 1946 313 2000 factum
342 1953 439 1991 erat,
467 1953 508 1985 et
534 1945 663 1984 datum
694 1957 766 1998 pro
795 1958 848 1989 eo,
877 1943 1167 1996 manupretium,
1200 1943 1242 1994 (a
1269 1941 1453 1980 manibus
1481 1948 1522 1979 et
1546 1939 1706 1993 pretio‚)

167 2022 319 2064 dictum
346 2026 471 2061 erat.“
526 2020 581 2061 H.
598 2020 623 2058 l.
648 2019 836 2072 parter-ior
861 2026 1018 2058 tantum
1045 2017 1283 2070 significatio
1308 2016 1441 2056 locum
1467 2016 1598 2056 habet.

242 2131 332 2166 44⁵.
396 2118 578 2182 Sodes.]
614 2123 766 2178 [γρου
786 2124 942 2176 ptem.
979 2126 1024 2165 Si
1041 2125 1184 2169 ‹mam
1215 2124 1318 2163 vide
1332 2123 1464 2175 snpra
1481 2128 1544 2167 73.
1573 2122 1703 2162 σιω..

168 2208 367 2247 Caeterum
385 2220 464 2246 non
487 2219 646 2246 necesse
667 2212 727 2244 est
752 2211 796 2243 ut
818 2204 920 2244 hanc
939 2218 1089 2250 vocem,
1117 2217 1209 2243 cum
1234 2202 1474 2255 quibusdam
1498 2201 1701 2253 Etymoll:

170 2282 229 2336 [e.
247 2297 288 2335 g.
321 2282 583 2322 Lindemann.
611 2280 661 2320 ad
693 2280 806 2332 Capt.
834 2280 867 2318 1.
895 2293 937 2319 11.
966 2279 1026 2333 1.]
1057 2280 1107 2318 ab
1138 2279 1267 2326 audes,
1305 2292 1379 2331 pro
1413 2277 1558 2323 audies,
1586 2277 1703 2316 tertia

168 2358 461 2412 conjugatione,
506 2357 753 2401 derivemus;
801 2368 891 2394 nam
927 2355 1246 2407 frequentissime
1284 2355 1437 2399 audere,
1484 2351 1546 2392 vel
1592 2351 1700 2404 apud

166 2435 338 2488 optimos
355 2441 547 2479 auctores,
566 2444 682 2472 sensu
702 2430 773 2468 τοῦ
791 2428 883 2468 velle
900 2429 1124 2482 reperitur.-
1164 2430 1210 2468 E.
1227 2443 1267 2482 g.
1298 2428 1398 2468 Hor.
1418 2427 1497 2467 Sat.
1519 2427 1572 2466 11.
1593 2440 1618 2466 ι.
1642 2431 1701 2466 10.

168 2516 194 2533 “
208 2510 316 2549 Ande
333 2509 498 2550 Caesaris
515 2506 654 2548 invicti
671 2518 733 2545 ren
751 2504 916 2545 dioere.''
956 2505 1031 2557 Ep.
1052 2505 1083 2544 1.
1105 2517 1150 2543 n.
1171 2509 1233 2544 40.
1270 2509 1296 2527 ‘¹
1308 2503 1458 2556 Sapere
1475 2502 1609 2542 aude.”
1627 2504 1699 2542 διο.

168 2583 317 2625 Noster
352 2583 498 2625 Pseud.
535 2581 597 2628 76.
650 2579 807 2621 “Nilne
838 2578 1029 2631 adjuvare
1064 2592 1128 2620 me
1158 2578 1332 2620 uda?
1370 2576 1458 2630 (ubi
1495 2577 1606 2616 nulla
1639 2584 1701 2617 est

168 2659 417 2712 periclitandi
436 2658 590 2700 occasio
605 2655 793 2709 objectu.)
835 2654 895 2696 lb.
915 2660 1003 2695 202.
1049 2653 1152 2694 “Ne
1170 2653 1212 2693 id
1229 2652 1393 2693 audeam
1412 2653 1577 2694 facere-'⁹
1605 2652 1701 2707 (pm

168 2733 312 2782 velint.)
333 2742 373 2774 et
395 2738 504 2778 1817.
558 2736 584 2755 “
598 2730 693 2772 Non
710 2728 839 2776 audes,
868 2742 1016 2781 queso,
1042 2728 1216 2780 aliqum
1239 2734 1391 2780 partem
1409 2726 1509 2767 mihi
1531 2727 1701 2779 gratim

168 2807 297 2847 facere
315 2807 408 2846 hinc
425 2806 577 2858 argenti
589 2806 632 2845 ?”
