1864 3152
745 261 1126 304 AULULARIA.
1668 261 1727 303 36

150 393 260 440 AN.
283 393 399 440 Ain'
433 392 639 447 tandem,
675 393 743 439 ita
776 408 891 446 esse,
926 399 982 439 ut
1015 392 1166 439 dicis?

1148 474 1238 523 S'r.
1276 474 1407 522 Tute
1442 474 1691 523 existuma.

278 559 413 615 Quin
454 560 608 607 divom
645 566 787 621 atque
820 557 1066 606 hominum
1102 557 1274 605 clamat
1309 558 1534 605 continuo
1567 556 1726 612 fidem,

278 642 419 690 Suam
453 660 551 690 rem
582 643 770 705 perisse,
805 658 945 705 seque
981 641 1270 696 eradkzarier,

1649 645 1727 684 256

278 725 360 774 De
391 738 483 774 suo'
508 725 664 789 tigillo
698 725 856 773 fumus
891 726 930 772 si
964 742 1055 789 qua
1089 726 1191 773 exit
1224 724 1358 774 foras,

277 809 427 865 Quin,
459 826 599 872 quom
623 810 662 856 it
692 808 965 863 dormitum,
1001 808 1160 856 follem
1184 810 1440 874 obstringit
1462 811 1522 858 ob
1545 810 1723 874 gulam.

147 892 256 939 AN.
277 892 411 940 Cur?

387 974 471 1022 ST.
508 974 586 1022 Ne
619 973 735 1038 quid
768 974 936 1021 animae
967 973 1087 1022 forte
1118 975 1312 1023 amittat
1343 975 1591 1024 dormiens.

146 1056 254 1104 AN.
275 1057 502 1104 Etiamne
537 1057 726 1104 obturat
760 1055 1027 1105 inferiorem
1057 1064 1301 1121 gutturem
1317 1060 1339 1105 ἶ)

1647 1063 1724 1103 260

277 1140 355 1188 Ne
388 1141 504 1204 quid
536 1142 704 1188 animae
737 1140 857 1189 forte
888 1142 1081 1189 amittat
1112 1142 1362 1189 dormiens.

145 1223 229 1270 ST.
275 1222 396 1271 Haec
429 1223 548 1271 mihi
582 1232 644 1279 te,
679 1232 735 1272 ut
769 1225 859 1272 tibi
889 1241 978 1279 me,
1013 1241 1192 1288 aequom
1229 1233 1301 1272 est
1336 1224 1471 1272 eredo
1500 1225 1698 1274 eredere.

145 1305 255 1354 AN.
278 1306 382 1354 Imo
415 1306 631 1370 equidem
663 1307 812 1355 credo.

788 1391 871 1439 ST.
908 1391 985 1439 At
1021 1392 1133 1439 scin’
1167 1393 1327 1447 etiam,
1362 1393 1631 1457 quomodo?

204 1516 228 1532 v.
246 1509 326 1537 ἕδη.

362 1508 397 1533 ni
418 1515 508 1534 versus
526 1510 598 1541 apud
618 1515 713 1534 omnes
733 1509 814 1534 codd.
837 1509 997 1540 transpoeioe
1018 1509 1152 1540 leguntur,
1175 1509 1204 1533 in
1225 1509 1350 1534 ordinem
1365 1509 1413 1535 alii
1427 1511 1533 1542 jamdiu
1553 1515 1722 1538 revocarunt.

143 1550 176 1574 In
196 1551 287 1579 v.2⁵6,
315 1551 377 1575 Tre-s
397 1551 479 1576 Codd.
500 1551 608 1581 habent,
629 1553 708 1582 atquc
726 1552 817 1582 iprum
837 1558 887 1582 pro
906 1557 990 1582 seque.
1025 1551 1058 1575 In
1074 1551 1166 1580 v.257,
1189 1558 1239 1583 pro
1256 1552 1349 1584 tiyfflo,
1370 1553 1542 1583 habetH.2,
1560 1561 1609 1585 per
1626 1561 1726 1580 αιτιο-

141 1594 244 1620 tionem
262 1596 355 1626 hyalo,
372 1595 464 1620 addito
480 1595 510 1619 in
526 1602 616 1627 marg:
639 1596 804 1627 “Liydlmm
826 1595 1000 1627 tuguriolum.
1020 1595 1092 1620 Non.
1114 1595 1197 1621 Mare-
1217 1596 1301 1622 allato
1314 1597 1368 1622 hoe
1382 1597 1586 1623 loeo.”--2⁵8.
1603 1599 1724 1629 Qum

144 1637 214 1662 Mss.
233 1637 387 1667 obstr-inxit,
415 1637 461 1662 sed
480 1638 743 1670 perperam—2⁵9.
762 1639 841 1663 Forte
861 1638 935 1662 abest
955 1638 989 1662 ah
1010 1638 1138 1663 omnibus
1161 1642 1257 1670 praeoer
1272 1639 1308 1665 E.
1325 1640 1350 1665 2.
1383 1640 1506 1670 Quatuor
1530 1640 1623 1666 Noun-i
1649 1641 1722 1667 Usa.

140 1680 252 1707 emmae,
274 1682 302 1704 et
323 1679 356 1704 V.
375 1680 396 1703 1.
413 1681 436 1704 2.
462 1679 557 1711 reliqui
576 1679 809 1704 «παίεται-81.
828 1680 910 1704 Hunc
935 1686 1042 1704 versum
1067 1679 1143 1705 uncis
1163 1679 1272 1705 inclusit
1293 1680 1346 1706 Bo:
1373 1681 1420 1706 sed
1439 1681 1468 1705 in
1490 1682 1619 1707 omnibus
1637 1682 1722 1708 codd.

140 1725 170 1747 et
186 1721 276 1747 Noetr.
293 1724 322 1747 et
338 1721 437 1747 Vindd.
456 1721 695 1753 mpeimnhabet
713 1720 885 1752 quoquam.
904 1721 934 1746 P.
951 1724 1170 1752 etomnesquot
1187 1721 1243 1746 vidi
1259 1722 1332 1747 vett.
1366 1722 1437 1747 rum
1454 1723 1644 1754 voeemforte,
1661 1731 1723 1755 qun

141 1762 231 1788 abfuit
248 1770 265 1788 a
280 1763 402 1795 pluribus
417 1763 446 1787 in
461 1763 543 1795 priori
554 1770 639 1793 versu,
658 1763 685 1787 h.
698 1763 715 1788 1.
734 1763 834 1788 habent
847 1770 941 1788 omnes
959 1763 1041 1787 Codd.
1058 1763 1161 1788 animae
1177 1763 1267 1789 soluto
1283 1763 1452 1796 diphthongo
1469 1768 1596 1796 pronunt.
1613 1766 1723 1798 quidam

140 1805 263 1830 scribunt
280 1805 395 1830 anbnoei.
428 1805 492 1830 ’rm
506 1805 595 1830 solum
611 1805 702 1830 Nostri
717 1808 746 1830 et
760 1805 796 1830 V.
814 1805 838 1835 2,
863 1805 890 1829 h,
908 1805 926 1829 l.
949 1805 1177 1830 emm—m.
1196 1806 1241 1831 Mo
1260 1812 1317 1831 non
1336 1806 1397 1831 elid.
1430 1806 1500 1832 Octo
1516 1807 1598 1832 Codd.
1623 1808 1725 1834 habant

141 1848 247 1873 endem
261 1848 348 1876 endo,
364 1848 437 1873 unde
451 1850 557 1873 textum
572 1847 712 1879 supplan
727 1847 810 1879 vulgo
824 1847 927 1873 vitiosis
941 1847 1060 1872 numeris
1075 1847 1149 1873 aba&
1162 1848 1367 1873 creda—283.
1386 1849 1471 1876 &odo
1486 1856 1543 1875 non
1556 1850 1619 1876 did.

142 1941 241 1979 nihil
273 1942 379 1980 succi
403 1942 572 1993 exprimi
592 1949 734 1993 potest,
761 1942 817 1980 ita
847 1942 897 1979 de

144 2006 348 2045 Euclione.
396 2006 500 2045 Con.
525 2007 601 2044 Ms.
640 2007 774 2045 Habet
794 2007 897 2045 inter

142 2070 299 2121 Adagia
316 2070 518 2115 Erasmus,
548 2070 696 2122 Aquam
714 2085 735 2108 e
747 2069 897 2122 pumice

137 2132 314 2185 postulas
322 2147 340 2176 ;
368 2147 418 2172 ex
435 2133 586 2172 Nostro
604 2133 712 2172 Pers.
733 2140 794 2173 41.
830 2133 896 2172 Ci-

142 2203 200 2233 tat
218 2209 378 2247 quoque
396 2197 532 2234 LAMB-
559 2195 703 2234 Pseud.
723 2201 784 2240 73.

284 2270 306 2284 “
320 2269 473 2299 Puniceus
484 2268 594 2299 oculos
606 2268 724 2300 habeo:
740 2278 802 2299 non
816 2278 898 2307 queo

144 2318 330 2349 Lam-umam
337 2327 465 2349 exorare
473 2323 509 2348 ut
515 2322 771 2356 exspuantunam
779 2317 897 2348 modo.”

144 2380 295 2418 Eodem
326 2379 478 2418 faciunt
503 2380 726 2431 proverbia,
754 2393 896 2430 nempe

142 2444 184 2481 in
212 2457 438 2495 quenquam
459 2443 523 2481 vel
546 2443 809 2494 lacrymarum
836 2443 899 2481 vel

142 2506 322 2556 pecuniae
335 2505 592 2556 indigentem,
611 2506 781 2556 ideoque
793 2518 898 2556 aegre

142 2567 230 2606 aliis
256 2567 595 2619 suppeditantem:
624 2568 774 2620 quippe
799 2567 899 2606 nihil

143 2629 302 2680 pumice
328 2629 480 2668 siccius.

195 2719 284 2753 254.
342 2714 438 2753 Tute
459 2714 685 2767 uictuma]
739 2716 789 2755 ‘J
793 2716 897 2768 udge

143 2777 206 2814 for
225 2777 423 2828 yourself.’
475 2777 541 2816 Tu
562 2779 646 2830 ipse
667 2792 716 2817 ex
734 2779 783 2817 iis
807 2794 896 2831 quae

962 1941 1142 1980 dicturus
1161 1955 1250 1980 sum
1262 1942 1412 1994 judica,
1432 1957 1502 1982 seu
1515 1945 1720 1985 arbitrare.

962 2005 1098 2043 Iam.

1013 2085 1102 2124 257.
1151 2079 1215 2118 De
1231 2094 1300 2119 suo
1317 2080 1442 2133 tigillo
1445 2081 1601 2134 fumus,
1619 2085 1721 2137 eta]

964 2143 1034 2180 ‘If
1054 2156 1132 2193 any
1164 2143 1301 2182 smoke
1324 2145 1460 2183 makes
1490 2146 1553 2185 its'
1581 2161 1721 2199 escape

962 2205 1136 2257 through
1160 2205 1230 2245 the
1253 2207 1396 2246 rasters
1417 2209 1466 2246 of
1484 2209 1547 2248 his
1572 2209 1720 2250 house!

965 2268 1210 2320 Hyperbole,
1264 2269 1368 2313 sicut
1410 2278 1451 2309 et
1495 2273 1717 2324 sequentia:

963 2328 1076 2379 quasi
1101 2328 1208 2367 dicat
1234 2342 1367 2368 senem
1388 2331 1511 2369 istum
1537 2333 1719 2383 parcissi-

962 2404 1073 2428 mum
1106 2404 1158 2429 ne
1178 2391 1336 2442 sumum
1371 2393 1547 2444 quidem,
1584 2395 1650 2445 (ut
1678 2403 1720 2435 et

962 2467 1101 2506 aquam
1126 2454 1169 2491 in
1188 2467 1224 2492 v.
1245 2454 1320 2494 263
1330 2456 1365 2506 ς)
1391 2456 1475 2506 pati
1492 2470 1607 2507 posse
1623 2471 1717 2509 pro-

963 2516 1092 2554 fundi.
1141 2516 1231 2554 Vid.
1256 2516 1378 2568 Apul.
1406 2519 1502 2556 Met.
1519 2519 1553 2557 1.
1606 2527 1634 2545 “
1649 2522 1718 2561 Me

963 2581 1280 2631 peregrinantem
1316 2581 1384 2618 tali
1417 2582 1503 2620 viro
1533 2585 1716 2625 eoncilia-

963 2642 1034 2689 vit‚
1069 2643 1111 2681 in
1139 2643 1253 2694 cujus
1287 2642 1459 2695 hospitio
1491 2658 1566 2685 nec
1599 2648 1715 2695 fumi,

962 2719 1035 2745 nec
1060 2705 1210 2744 nidoris
1234 2706 1419 2746 nebulam
1446 2713 1638 2750 vererer.”

1014 2781 1102 2820 263,
1153 2780 1202 2818 At
1219 2780 1312 2819 ’σῦκ’
1330 2781 1457 2828 etiam,
1475 2788 1715 2841 φιοοηοάοέ]
