1864 3152
650 254 717 295 IN
754 254 1193 296 MENAECHMOS.
1598 253 1681 294 211

150 385 362 435 impudicis
390 384 590 423 abstines?
619 384 772 436 (aequit
787 385 881 434 me.)
935 384 1018 423 cic.
1038 385 1122 422 Att.
1143 383 1222 421 111.
1243 387 1278 425 7.
1335 387 1359 403 “
1374 380 1454 419 Vix
1477 380 1689 420 abstineam

148 473 282 498 marluS
309 474 331 498 a
358 462 456 497 me.''
511 459 603 505 Alio
631 471 746 498 sensu
776 459 906 511 Supra
924 459 1012 504 671.
1068 457 1307 496 “Abstinent
1337 456 1483 508 culpa.”
1513 469 1580 506 qu.
1600 456 1679 494 vid.

222 574 310 611 878·
378 562 649 621 Metuont]
711 567 868 609 Guard
908 567 1087 619 against
1125 566 1274 606 blame.
1340 568 1466 607 Sensu
1501 566 1689 618 proprio3

149 664 268 700 quem
297 652 397 688 bene
420 650 582 689 exhibet
604 650 715 687 loeus
740 649 955 694 Ciceronis,
985 648 1096 687 Orat.
1115 648 1157 685 in
1177 647 1356 694 Quintio.
1381 647 1521 685 exord.-
1552 646 1684 697 (citatz

150 724 258 776 apud
290 726 436 764 Funcc.
464 724 552 762 Vir.
578 724 640 762 AE.
667 724 714 761 L.
734 724 781 762 L.
812 724 906 761 Pars
927 723 981 761 11.
1017 736 1050 761 c.
1069 733 1167 759 vur.
1196 721 1230 771 ξ.
1250 722 1331 771 21.)
1386 721 1526 767 “Quae
1554 734 1618 759 res
1647 720 1689 758 in

148 800 306 839 civitate
325 800 415 838 duae
433 799 653 851 plurimum
672 805 851 849 possunt,
873 798 933 835 hae
952 804 1090 836 contra
1107 811 1178 835 nos
1196 797 1323 835 ambae
1341 797 1506 842 faciunt,
1535 809 1690 834 summa

147 875 273 925 gratia
319 882 358 912 et
402 873 638 924 eloquentia.
706 872 887 919 Quarum
933 872 1094 911 alteram
1140 884 1280 917 vereor,
1327 871 1489 909 alteram
1535 873 1690 908 metuo.’'

149 949 495 988 '’Differentibus“
530 949 585 987 ait
622 949 781 987 Funcc:
820 947 986 985 ”verbis
1023 946 1170 991 utitur3
1216 945 1341 983 vereri
1375 946 1482 984 enim
1514 945 1691 997 pudoris,

149 1029 307 1062 metuere
331 1032 464 1063 autem
488 1023 652 1076 periculi
676 1030 746 1062 est.
803 1022 935 1069 Quam
955 1023 1006 1060 ob
1030 1034 1115 1059 rem
1135 1021 1274 1059 Cicero
1299 1020 1432 1059 statim
1456 1020 1689 1071 subjungit:

148 1099 357 1150 eloquentia
394 1098 443 1145 Q.
477 1098 683 1136 Hortensii
720 1111 769 1135 ne
814 1110 878 1134 me
910 1095 1081 1134 dicendo
1117 1094 1321 1146 impediat,
1364 1094 1546 1132 nonnihil
1583 1107 1688 1132 com-

147 1186 327 1211 moveor:
354 1171 490 1224 gratia
517 1172 554 1210 S.
575 1172 709 1209 Naevii
731 1185 781 1210 ne
807 1171 976 1219 Quintio
999 1176 1140 1214 noceat,
1169 1169 1212 1207 id
1232 1182 1326 1207 vero
1351 1183 1423 1207 non
1450 1168 1691 1208 mediocriter

144 1248 410 1299 pertimesco.“
462 1247 570 1286 Vide
597 1246 734 1285 Aulul.
764 1252 852 1290 437.
908 1246 1036 1284 Gloss.

223 1357 310 1398 879.
375 1344 632 1406 Utibiles.]
691 1350 972 1392 Serviceable.
1033 1354 1171 1393 Utiles.
1212 1353 1298 1391 Mil.
1319 1353 1407 1392 611.
1450 1354 1622 1405 “Magis
1641 1353 1691 1392 ad

148 1446 231 1471 rem
250 1447 334 1472 esse
351 1447 432 1471 non
451 1440 582 1485 potest
601 1431 807 1470 utibilius.''
848 1432 939 1470 Ter.
958 1431 1119 1469 Phorm.
1141 1432 1213 1470 IV.
1234 1443 1291 1469 xv.
1310 1438 1346 1477 9.
1385 1437 1410 1453 “
1425 1431 1537 1478 Quid
1556 1424 1691 1470 minus

150 1503 278 1547 utibile
295 1510 431 1548 fuit?”
468 1509 555 1561 (ubi
575 1522 670 1547 vero
688 1508 754 1546 alii
771 1508 922 1546 habent
942 1507 1063 1559 utile.)

223 1621 311 1656 880.
376 1609 738 1675 Promeritum]
812 1614 1053 1660 Deserved‚·
1087 1614 1308 1654 ineurred.
1379 1619 1502 1656 Notat
1537 1619 1685 1656 LAmn:

147 1697 388 1752 promeritum
424 1699 500 1737 hoc
533 1698 621 1736 loco
652 1697 806 1749 passive
841 1697 1016 1748 positum
1052 1710 1158 1735 esse:
1197 1704 1237 1735 et
1271 1697 1313 1734 in
1349 1696 1488 1734 malam
1528 1709 1689 1747 quoque

145 1781 295 1827 partem
303 1789 320 1818 ;
365 1774 474 1825 quod
509 1773 642 1811 minus
678 1772 880 1810 usitatum.
936 1772 1178 1824 Exemplum
1215 1773 1310 1811 citat
1339 1786 1388 1810 ex
1422 1772 1568 1823 Amph.
1600 1771 1689 1810 416.

151 1850 302 1897 “Quid
327 1849 419 1887 mali
444 1861 545 1893 sum,
573 1847 680 1892 here,
710 1854 780 1885 tua
804 1861 852 1885 ex
872 1860 915 1885 re
939 1846 1232 1898 promeritus?'’
1286 1847 1486 1885 Observat
1511 1847 1687 1885 DoNA‘r:

150 1925 190 1962 in
215 1924 306 1962 Ter.
326 1922 427 1961 Hec.
447 1922 525 1960 ΙΙΙ.
545 1934 583 1959 v.
604 1927 666 1965 37.
724 1920 884 1966 Mereri,
914 1922 971 1971 (et
986 1921 1228 1973 promereri,)
1256 1921 1305 1959 ad
1325 1922 1441 1968 bona,
1470 1919 1689 1960 commereri

148 1999 199 2037 ad
222 1998 324 2036 mala
347 1998 514 2036 referre:
544 2003 584 2034 et
608 1996 703 2034 citat
721 1995 809 2033 AEn.
829 1995 904 2033 IV.
924 2000 1011 2034 333.
1068 1995 1208 2042 “Quae
1232 1995 1406 2046 plurima
1426 1995 1547 2033 fando
1572 1995 1686 2034 Enu-

148 2087 300 2113 merare
318 2073 437 2117 vales,
465 2084 685 2122 nunquam,
715 2071 880 2121 Regina,
909 2071 1064 2121 negabo
1084 2069 1371 2109 Promeritam.”
1426 2071 1538 2109 Infra
1555 2070 1646 2117 965.

224 2188 311 2221 881.
375 2175 532 2239 Prope
555 2176 663 2234 est.]
722 2182 858 2220 Simile
876 2189 949 2227 est,
978 2181 1105 2232 (quod
1123 2188 1234 2220 notat
1253 2181 1418 2234 LAmzz)
1446 2182 1538 2221 Ter.
1558 2182 1685 2220 Andr.

150 2266 181 2303 Ι.
203 2278 229 2302 1.
252 2269 336 2303 125.
393 2262 563 2314 “Prope
585 2262 704 2308 adest,
729 2275 822 2300 cum
839 2261 967 2300 alieno
990 2274 1100 2300 more
1119 2262 1336 2300 vivendum
1361 2269 1421 2300 est
1444 2261 1577 2299 mihi.’¹
1633 2262 1685 2299 Et

149 2339 335 2378 Graecum
360 2337 542 2389 πάρεστιν
569 2335 649 2382 ὅτε,
681 2335 788 2384 ε’·γγύς
813 2334 916 2374 ἐστιν
939 2335 1020 2374 ὅτε.
1074 2336 1193 2375 Adde
1222 2337 1314 2374 Ter.
1342 2336 1441 2374 Hec.
1466 2336 1540 2374 IV.
1567 2349 1593 2374 1.
1622 2341 1684 2374 28.

151 2414 279 2454 “Jam
307 2413 443 2460 aderit,
476 2425 517 2450 se
548 2424 708 2462 quoque
737 2424 829 2449 cum
860 2410 1025 2449 oderit.”
1078 2411 1158 2449 Cic.
1191 2411 1253 2449 De
1283 2410 1352 2448 Or.
1386 2411 1419 2448 1.
1475 2411 1574 2449 “Ac
1595 2409 1684 2462 fuit

151 2488 325 2539 quidem,
353 2500 456 2527 cum.
473 2516 481 2526 .
495 2516 504 2524 .
519 2488 559 2525 .”
587 2486 676 2538 (ubi
703 2486 858 2524 addunt
882 2486 1064 2524 nonnulli
1092 2500 1141 2525 ex
1167 2486 1358 2537 glossem:
1390 2491 1534 2538 tempus
1562 2485 1685 2537 illud.)

225 2601 313 2636 883.
379 2591 454 2639 Eo
484 2590 737 2655 exempla]
798 2595 926 2648 Upon
950 2596 1037 2636 this
1056 2596 1305 2649 principle‚-
1338 2609 1396 2636 so.
1448 2593 1570 2648 (with
1600 2594 1685 2636 this

153 2673 244 2714 rule
272 2671 339 2713 for
369 2686 439 2729 my
469 2672 635 2730 guide.)
699 2678 818 2717 Valet
847 2679 902 2717 id.
922 2692 988 2730 qu.
1018 2693 1059 2717 eo
1086 2680 1211 2717 modo.-
1245 2687 1286 2718 et
1312 2693 1416 2731 saepe
1443 2680 1551 2731 apud
1581 2680 1683 2717 Nos-

151 2765 258 2794 trum
282 2756 356 2794 hac
377 2755 663 2806 significatione
680 2758 864 2796 occurrit.
921 2758 1066 2796 Bacch.
1087 2763 1174 2801 470.
1230 2758 1356 2808 “Ego
1374 2758 1483 2796 illam
1506 2757 1685 2809 exemplis

149 2829 326 2882 plurimis
348 2830 544 2881 planeque
565 2834 687 2869 amo.”
744 2833 862 2883 Epid.
882 2832 970 2871 660.
1028 2838 1052 2854 “
1067 2832 1165 2874 Quot
1187 2833 1266 2870 illic
1284 2833 1402 2871 hodie
1426 2847 1489 2871 me
1509 2833 1683 2884 exemplis
