1864 3152
734 251 1166 294 MENAECHMEI.
1679 252 1734 292 25

297 380 407 430 Tua
430 388 502 431 est
526 382 676 447 legio:
706 381 988 447 adjudicatO,
1016 397 1122 430 cum
1147 387 1255 429 utro
1275 378 1397 429 hanc
1421 386 1604 428 noctem
1630 380 1734 428 sies.

295 464 376 516 Ut
418 482 506 530 ego
540 481 748 522 uxorem,
790 482 896 514 mea
939 464 1173 529 voluptas,
1213 464 1296 512 ubi
1342 470 1390 512 te
1420 464 1613 528 aspicio,
1657 463 1735 511 odi

483 547 614 596 male
630 550 639 595 !

163 626 262 678 ER.
296 629 498 679 Interim
530 631 712 694 nequis,
747 631 863 695 quin
898 633 998 694 ejus
1032 629 1221 693 aliquid⁴
1245 629 1443 678 indutus
1476 630 1580 679 sies.

276 719 279 721 ’
294 713 425 771 Quid
442 712 531 763 h'oc
550 721 622 763 est
633 716 656 762 ἶ)

560 798 677 846 ΜΕ.
705 798 921 848 Induviae
938 806 1046 856 tuae,
1068 806 1211 863 atque
1228 799 1387 847 uxoris
1407 799 1602 855 exuviae,
1619 815 1734 846 rosa.

164 878 263 927 ER.
297 879 498 945 Superas
526 880 677 938 facile,
711 889 768 930 ut
804 883 1013 947 superior
1047 882 1110 930 sis
1144 880 1266 929 mihi
1301 898 1441 946 quam
1473 882 1734 946 quisquam,

489 966 572 1029 qui
603 965 874 1030 impetrant.

1663 975 1737 1008 110

163 1045 262 1095 PE.
294 1046 533 1097 Meretrix
558 1049 790 1113 tantisper
815 1047 1073 1105 blanditur,
1108 1048 1222 1096 dum
1244 1048 1381 1105 illud,
1417 1047 1542 1112 quod
1564 1049 1733 1113 rapiat,

491 1131 704 1181 videt.—

294 1214 422 1264 Nam
454 1216 494 1264 si
529 1216 730 1273 amabas,
754 1218 854 1279 jam
881 1216 1125 1280 oportebat
1148 1232 1315 1264 nasum
1341 1216 1588 1280 abreptum
1616 1231 1737 1264 mor-

486 1299 633 1348 dicus.

163 1379 277 1429 ME.
294 1380 485 1432 Sustine
506 1381 609 1440 hoc,
632 1382 890 1433 Penicule:
923 1383 1114 1432 exuvias
1138 1381 1302 1439 faeere,
1326 1398 1441 1447 quas
1462 1382 1583 1439 vovi,
1616 1382 1734 1431 volo.

222 1530 249 1549 v.
269 1524 322 1550 1⁰6.
355 1524 386 1550 B.
401 1525 423 1555 1,
441 1525 472 1550 B.
484 1532 508 1556 c,
528 1526 692 1557 Resleyio.
718 1524 789 1550 Ald:
807 1525 870 1551 'Dua
880 1525 1002 1557 leyiooei.
1032 1525 1102 1555 Tua,
1119 1527 1148 1550 et
1158 1526 1230 1555 utro,
1242 1531 1299 1550 non
1309 1524 1558 1551 elidenda—110.
1576 1525 1736 1556 Impetrant,

163 1563 229 1590 ”Ita
247 1565 330 1591 codd.
348 1566 394 1591 sed
411 1566 496 1592 Rditt.
511 1566 587 1592 Vett-
603 1566 763 1598 impetrat.“
789 1567 890 1592 Hans.
922 1566 1014 1592 Nostri
1029 1566 1139 1598 quidem
1155 1566 1238 1592 codd.
1255 1566 1287 1592 Β.
1301 1567 1324 1597 1,
1341 1566 1372 1591 Β.
1385 1574 1408 1597 c,
1429 1566 1510 1598 plane
1524 1567 1671 1598 ἐπιμεῖναι]
1692 1567 1737 1592 sed

161 1607 277 1634 alterum
292 1607 459 1640 exquisitius,
476 1608 548 1634 Vide
562 1608 592 1634 in
607 1608 808 1634 Gloss.—112.
826 1610 902 1639 Jam,
918 1615 975 1634 non
990 1608 1121 1640 liquescit.

217 1707 302 1748 106.
359 1707 446 1746 Tua
465 1713 519 1746 est
542 1707 677 1759 legia]
734 1707 858 1745 Penes
875 1713 915 1745 te

161 1778 222 1811 est
246 1778 330 1811 tota
353 1771 441 1811 haec
464 1771 583 1823 legiO,
606 1778 652 1810 tu
678 1784 720 1810 es
745 1770 914 1822 impera-

160 1835 260 1874 trix:
289 1842 405 1875 tuum
422 1842 482 1874 est
498 1841 631 1887 partes
644 1848 734 1873 suas
747 1833 913 1885 singulis

160 1899 354 1938 militibus
370 1898 609 1951 adjudicare.

216 1989 302 2024 108.
332 1983 495 2023 Interim
509 1984 650 2037 nequis,
660 1984 761 2037 etc.]
796 1983 915 2022 ‘And

161 2054 231 2100 yet
250 2061 330 2100 you
355 2054 462 2087 must
483 2049 535 2087 be
552 2048 728 2100 wearing
749 2061 856 2087 some
874 2048 921 2086 of

160 2112 232 2151 her
248 2112 422 2164 things?
467 2111 633 2151 Interim
649 2118 708 2158 tu,
727 2111 798 2163 qui
815 2112 914 2151 dicis

159 2183 200 2215 te
225 2189 391 2215 uxorem
415 2182 526 2215 tuam
550 2175 692 2222 odisse,
713 2175 787 2214 tibi
813 2182 913 2215 tem-

159 2253 298 2291 perare
340 2253 422 2278 non
459 2246 572 2292 potes
615 2240 714 2291 quin
752 2239 914 2291 aliquod

159 2303 246 2355 ejus
297 2303 576 2343 vestimentum
631 2303 796 2342 indutus
848 2302 911 2341 sis.

159 2367 296 2406 Lum.

214 2457 300 2492 112.
364 2451 470 2491 Nam
511 2452 547 2491 εἰ
585 2451 778 2504 amabas]
832 2452 913 2491 Hic

159 2528 297 2555 versus
330 2529 355 2555 a
386 2515 559 2568 parasito
594 2515 697 2554 clare
734 2527 911 2567 pronun·

159 2578 296 2618 cintus.
350 2579 646 2619 praecedentem
674 2579 748 2617 sub
774 2578 913 2630 lingua

140 2640 326 2682 dixerat.
388 2643 447 2682 Ut
480 2650 613 2682 autem
647 2642 913 2682 dissimularet

161 2703 270 2754 quod
285 2704 341 2743 ita
357 2706 758 2752 submurmuraverat,
773 2719 822 2745 ex
841 2707 911 2745 ab-

159 2772 279 2817 rupto
295 2765 447 2819 incipit,
466 2769 579 2821 quasi
600 2769 848 2808 continuaret
869 2769 911 2807 id

155 2828 270 2879 quod
287 2830 478 2871 submisse
493 2832 649 2871 locutus
666 2839 736 2871 est.
780 2832 908 2871 Sam.

287 2905 311 2938 4

1031 1728 1084 1737 --
1118 1705 1356 1760 Mordicus]
1383 1707 1477 1746 Aul.
1496 1713 1581 1754 191.
1607 1707 1734 1747 Gloss.

1037 1797 1123 1831 113.
1158 1792 1283 1845 Hoc.]
1320 1792 1487 1832 Pallium
1498 1793 1736 1845 suum,quod

981 1868 1099 1907 super
1116 1856 1251 1895 uxoris
1269 1856 1415 1908 pallam
1431 1857 1597 1896 indutus
1614 1864 1709 1896 erat.

1030 1964 1084 1972 —-
1135 1941 1313 1981 Exuvias
1329 1942 1508 1996 facere]
1561 1944 1734 1996 Nempe,

981 2019 1022 2044 se
1036 2006 1203 2058 spoliare
1217 2013 1263 2045 ut
1275 2007 1441 2046 amicam
1457 2021 1568 2046 suam
1582 2008 1735 2047 vestiat.

983 2069 1042 2108 Ut
1070 2069 1202 2122 Supra
1235 2076 1321 2118 109,
1353 2071 1519 2118 dixerat,
1547 2071 1575 2110 I
1575 2071 1735 2111 nauvias

979 2133 1111 2172 Erotii
1127 2133 1231 2173 hanc
1247 2135 1393 2187 pallam
1405 2135 1593 2174 futuram.
1648 2136 1734 2174 Pri-

979 2210 1090 2235 mum
1124 2197 1250 2250 igitur
1286 2199 1565 2239 vestimentum
1603 2213 1731 2245 suum,

981 2261 1110 2313 (quod
1140 2262 1489 2315 superimpositum
1517 2265 1609 2315 est,)
1641 2277 1734 2302 mox

978 2324 1113 2364 uxoris
1136 2325 1282 2377 pallam
1307 2325 1417 2378 (quae
1440 2326 1555 2372 infra,
1579 2325 1733 2365 celandi

980 2401 1108 2435 causa,
1126 2389 1253 2441 jacet)
1275 2402 1421 2429 exuere
1445 2390 1589 2443 pergit.
1642 2390 1733 2428 Mos

978 2459 1112 2492 autem
1146 2454 1375 2492 saltatorum
1413 2454 1535 2493 fuisse
1575 2453 1733 2493 videtur

979 2516 1200 2568 superiores
1218 2523 1346 2556 vestes
1364 2530 1520 2562 exuere,
1538 2530 1589 2556 ne
1606 2516 1732 2556 lubri-

977 2593 1043 2619 cos
1085 2587 1216 2620 motus
1257 2581 1431 2633 corporis
1469 2580 1729 2632 impedirent:

979 2643 1097 2683 Unde
1116 2644 1296 2683 Socrates
1317 2643 1425 2696 apud
1448 2643 1549 2682 Plat.
1566 2643 1728 2684 Menex.

978 2708 1073 2758 Cap.
1107 2713 1143 2746 5.
1173 2707 1240 2752 ait,
1272 2706 1322 2743 Εἴ
1351 2722 1396 2754 με
1432 2706 1585 2746 κελεύοις
1618 2707 1728 2745 α’πο-

978 2768 1109 2809 δῦντα
1137 2770 1391 2824 ὀρχήσασθαι.
1442 2771 1536 2820 Quo
1557 2772 1729 2824 pertinet

978 2834 1159 2874 Peniculi
1185 2834 1335 2873 dictum
1361 2834 1404 2872 in
1430 2848 1530 2874 vers.
1556 2849 1667 2888 prox.
