1864 3152
647 245 714 287 IN
749 245 1183 288 MENAECHMOS.
1582 245 1667 286 143

154 386 341 430 patronus
369 378 527 430 parasiti
542 378 693 431 genius,
719 386 805 417 tum
828 378 1022 430 parasitus
1045 376 1214 430 patroni,
1242 381 1518 427 nuncupatui-5
1546 374 1669 425 siqui-

154 453 244 493 dem
270 454 368 493 alter
393 454 553 493 alterius
579 466 710 492 comes
736 460 807 500 est,
834 460 875 492 et
900 453 1011 504 quasi
1038 453 1180 491 umbra
1205 450 1514 491 indissociabilis.

226 555 289 595 63.
352 551 450 599 Per
471 550 694 615 tempus]
762 555 1040 608 Tempestive.
1093 557 1244 596 Glossae
1272 556 1359 595 loco
1385 555 1471 599 erit,
1499 555 1671 593 Mostell.

155 643 242 682 557.
289 643 315 660 “
327 638 540 688 Nunquam
560 636 723 688 potuisti
741 636 866 687 magis
882 641 1118 688 opportunus
1134 634 1320 673 advenire
1338 647 1456 685 quam
1474 633 1671 672 advenis.”

226 741 288 780 64·
351 733 633 796 Articulos]
683 742 863 781 Sumitur
889 755 963 794 pro
988 749 1212 797 opportuno
1238 742 1449 781 occasionis
1472 749 1673 780 momento

153 822 194 860 in
230 836 310 873 quo
343 822 494 874 aliquid
524 821 606 860 fieri
634 827 800 873 oportet.
855 820 972 872 Epid.
1002 826 1091 866 479.
1142 819 1273 872 “Ipso
1301 820 1402 858 hanc
1430 820 1472 858 in
1506 819 1674 858 articulo

151 896 279 935 emit.''
334 897 425 935 Ter.
453 895 624 947 Adelph.
642 894 699 933 11.
719 907 766 933 11.
783 899 846 934 22.
900 893 994 933 “Ut
1019 894 1061 932 in
1087 894 1173 946 ipso
1199 893 1363 933 articulo
1387 894 1617 946 oppressit.”

225 1000 287 1040 65.
345 995 706 1056 Luculentum.]
765 999 1002 1053 Splendid3
1031 999 1137 1040 rich.
1185 1001 1364 1055 Λιπαρόν.
1420 1002 1495 1040 Pro
1513 1002 1672 1054 insigne.

153 1082 254 1121 Vide
277 1082 390 1121 Nott.
442 1083 491 1121 In
514 1083 710 1122 hominem
736 1083 935 1127 transfert,
964 1082 1045 1121 Cic.
1071 1083 1156 1120 Att.
1175 1082 1229 1120 11.
1257 1086 1315 1120 12.
1324 1082 1404 1132 fin.
1459 1081 1671 1119 “Dicaear-

151 1156 269 1195 chum
287 1164 393 1195 recte
414 1170 539 1195 amas:
566 1156 777 1195 luculentus
799 1156 918 1194 homo
935 1155 1026 1194 est.”
1078 1155 1204 1201 Idem,
1229 1157 1313 1194 Att.
1332 1155 1430 1194 V11.
1451 1161 1498 1195 15
1510 1170 1523 1202 ;
1555 1156 1670 1194 Pom-

150 1232 297 1282 peium,
327 1231 586 1271 “luculentum
604 1230 870 1282 scriptorem,”
898 1237 1022 1269 vocat.
1063 1230 1209 1268 Noster
1228 1229 1396 1268 Mostell.
1415 1228 1501 1275 796.
1533 1229 1670 1269 “Ves-

150 1306 321 1344 tibulum
370 1313 410 1345 et
455 1305 725 1345 ambulacrum
770 1304 1033 1343 luculentum.”
1110 1305 1235 1343 Merc.
1271 1303 1359 1343 416.
1425 1304 1673 1343 “Luc-alente

151 1380 356 1420 vendere.''
407 1381 567 1431 Fragm.
584 1386 620 1419 3.
647 1379 846 1419 Cornicul.
900 1379 1122 1417 “Pulcrum
1151 1386 1190 1418 et
1214 1377 1438 1417 luculentum
1463 1378 1538 1418 hoc
1557 1379 1672 1417 nobis

150 1455 267 1494 hodie
293 1455 425 1494 evenit
449 1454 672 1506 proelium.”

222 1571 290 1579 —-
349 1540 538 1602 Cocus.]
597 1548 706 1587 Vett.
731 1561 806 1600 pro
830 1561 981 1600 coquus.
1036 1546 1141 1586 Vide
1169 1547 1299 1598 Supra
1329 1552 1387 1586 15.

222 1664 285 1703 66·
348 1659 670 1720 Titubatum.]
732 1668 919 1719 Particip.
952 1681 976 1705 a
1010 1665 1128 1705 titubo
1135 1681 1154 1710 ;
1200 1667 1254 1718 (to
1287 1665 1456 1712 stumble,
1492 1679 1536 1704 or
1566 1667 1672 1704 make

148 1761 174 1785 a
182 1745 297 1798 false
323 1747 436 1798 step.)
491 1746 761 1799 Metaphorice
795 1746 872 1786 hoc
897 1749 984 1785 loco
1011 1746 1063 1784 ad
1091 1745 1271 1784 vitiosam
1298 1745 1515 1784 coctionem
1543 1752 1670 1783 trans-

149 1821 287 1859 fertur.
340 1820 506 1859 Confert
536 1821 686 1860 Gnou:
719 1821 819 1859 Hor.
846 1821 921 1872 Ep.
951 1820 984 1858 Ι.
1006 1831 1106 1857 Χιιι.
1136 1825 1195 1865 19.
1250 1819 1394 1857 “Cave
1419 1832 1471 1857 ne
1498 1818 1670 1859 titubes?

150 1895 242 1934 Ter.
271 1895 416 1934 Heaut.
437 1895 491 1933 11.
517 1907 585 1933 111.
608 1900 692 1934 120.
746 1895 931 1933 “Verum
955 1893 1022 1932 illa
1046 1906 1095 1932 ne
1119 1893 1217 1944 quid
1235 1892 1398 1933 titubet?
1450 1892 1567 1932 Adde
1585 1893 1670 1932 Cic.

150 1969 260 2008 Fam.
278 1969 376 2008 XII.
398 1974 455 2008 10.
512 1975 539 1992 “
551 1969 596 2007 Si
618 1968 709 2021 quid
719 1968 834 2021 sorte
855 1968 1054 2007 titubatum
1078 1974 1143 2015 est,
1173 1975 1218 2006 ut
1240 1968 1284 2007 fit
1304 1967 1346 2006 in
1363 1968 1502 2007 bello.’'
1557 1969 1668 2007 Nost.

153 2044 293 2083 Pseud.
309 2050 399 2091 942.
454 2048 479 2066 “
490 2044 547 2082 At
564 2044 655 2082 vide
672 2057 722 2082 ne
739 2043 908 2082 titubes?

222 2178 289 2186 —
348 2144 634 2210 Reliquias.]
695 2149 789 2190 The
821 2149 960 2189 relies.
1038 2150 1140 2199 Quae
1183 2158 1274 2203 post
1316 2165 1468 2190 coenam
1512 2151 1672 2204 reliqua·

150 2240 244 2271 sunt
276 2246 323 2271 ex
361 2232 498 2286 cibis,
517 2239 558 2271 et
587 2232 629 2270 in
665 2244 773 2284 spem
810 2243 979 2282 quarum
1007 2229 1115 2269 haud
1145 2243 1234 2268 raro
1259 2229 1469 2269 veniebant
1495 2230 1667 2282 parasiti,

149 2307 181 2346 si
206 2307 330 2346 serius
354 2306 538 2346 convivio
558 2306 772 2345 affuissent.
826 2303 980 2345 Phaedr.
1006 2285 1104 2342 F'ab.
1126 2304 1157 2342 1.
1182 2316 1292 2342 xxu.
1313 2303 1349 2343 6.
1403 2308 1428 2326 “
1443 2303 1499 2342 Ut
1525 2304 1669 2342 fruaris

150 2380 355 2434 reliquiis?
409 2381 519 2419 Infra
536 2380 628 2420 365.
676 2381 793 2420 Cure.
810 2385 899 2419 325.
951 2383 977 2402 “
989 2379 1030 2417 Si
1052 2378 1149 2418 scias
1168 2378 1338 2431 reliquioe
1359 2391 1448 2428 quae
1467 2378 1579 2416 sint.''
1598 2380 1669 2417 &c.

222 2471 284 2511 68·
348 2465 680 2527 catamitum]
738 2474 1003 2527 Ganymedem,
1035 2487 1153 2525 quem
1183 2471 1326 2511 Priami
1354 2471 1478 2509 filium
1509 2472 1669 2524 Jupiter

152 2554 192 2592 in
219 2562 351 2594 monte
378 2554 451 2594 Ida
475 2555 551 2594 sub
578 2554 721 2606 aquilae
747 2553 878 2605 specie
903 2553 1048 2605 rapuit,
1076 2560 1117 2592 et
1143 2553 1185 2591 in
1212 2551 1355 2591 coelum
1381 2550 1523 2589 avexit.

199 2701 201 2703 ,
223 2679 290 2688 —
349 2652 642 2714 Adoneum.]
700 2661 872 2708 Adonim,
902 2660 1017 2712 cujus
1051 2673 1143 2700 cum
1174 2659 1330 2698 Venere
1359 2671 1510 2696 amores
1537 2665 1669 2698 narrat

152 2740 228 2779 Ov.
249 2740 344 2780 Met·
364 2741 413 2780 Χ.
433 2746 520 2781 524.
538 2754 624 2794 sqq.
678 2740 819 2779 Catull.
839 2739 968 2780 Carm.
986 2745 1048 2783 27.
1066 2746 1103 2785 9.
1158 2744 1183 2762 “
1196 2737 1253 2776 Ut
1274 2737 1430 2777 albulus
1448 2737 1666 2783 columbus,

153 2822 222 2855 aut
242 2815 450 2855 Adoneus?
