1864 3152
654 251 721 292 IN
756 251 1192 293 MENAECHMOS.
1594 250 1675 291 141

160 419 165 423 ,
240 392 302 432 49.
367 380 512 443 Illic]
574 388 659 427 Ille.
712 389 816 428 Prol.
844 395 905 433 57.

241 502 301 535 51.
365 490 542 553 Euax.]
605 495 778 538 Bravo!
833 500 1110 539 Exultantium
1134 486 1367 550 interjectio,
1395 500 1445 537 ab
1466 512 1567 544 euoe,
1594 513 1686 550 quae

166 578 441 617 bacchantium
477 592 551 617 vox
585 586 655 617 est.
711 578 848 630 (Εὖοῖ.)
885 579 1014 617 Casin.
1040 578 1128 624 692.
1181 577 1346 623 ’(Ειιαω,
1382 590 1489 616 nunc
1525 577 1685 616 demum

168 665 255 690 sum
281 651 416 691 liber.”
468 652 628 691 Curcul.
645 658 708 698 98.
760 652 931 698 “Euaae,
959 652 1139 691 habeo!”
1193 651 1261 690 Sic
1287 665 1391 702 euge,
1419 665 1583 704 eugepae.
1612 654 1683 691 &c.

239 770 304 778 —
364 738 399 787 J
401 739 570 803 urgi0.]
626 744 697 797 By
719 757 789 797 my
809 744 1014 797 scolding.
1079 747 1233 785 Nonius
1253 746 1349 798 Cap.
1369 748 1417 786 V.
1443 753 1505 786 34.
1558 748 1686 787 ”Jur-

164 824 270 878 gium
305 832 346 864 et
375 825 422 864 lis
451 825 552 865 hanc
579 825 727 865 habent
752 826 1000 872 distantiam3
1031 825 1137 877 quod
1164 825 1346 877 Jurgium
1369 826 1493 865 levior
1515 840 1577 865 res
1606 833 1685 865 est:

168 900 362 951 siquidem
385 899 488 938 inter
509 900 733 947 benevolos,
757 908 827 939 aut
850 901 1095 952 propinquos
1122 900 1324 946 dissensio,
1352 901 1414 939 vel
1437 901 1687 948 concertatio,

165 975 346 1028 Jurgium
369 975 535 1021 dicitur;
563 975 665 1014 inter
688 975 867 1014 inimicos
885 975 1086 1022 dissensio,
1115 974 1187 1014 Lis
1210 975 1470 1027 appellatur.“
1523 977 1604 1016 Cic.
1624 977 1687 1014 De

168 1050 268 1101 Rep.
292 1050 381 1089 Lib.
403 1050 472 1089 IV.
526 1050 749 1089 “Admiror
772 1051 983 1089 verborum
1007 1050 1123 1089 etiam
1147 1050 1393 1101 elegantiam.
1447 1051 1487 1090 Si
1502 1052 1687 1103 jurgant,

168 1124 311 1175 inquit,
330 1124 609 1163 benevolorum
628 1124 875 1172 concertatio,
892 1138 973 1163 non
989 1124 1038 1163 lis
1054 1124 1316 1171 inimicorum,
1324 1125 1506 1178 jurgium
1524 1125 1686 1165 dicitur:

168 1200 342 1251 Jurgare
359 1199 482 1251 igitur
499 1199 563 1238 lex
581 1206 696 1251 putat
713 1200 815 1238 inter
833 1213 874 1238 se
892 1199 1054 1246 vicinos,
1081 1213 1161 1238 non
1179 1199 1369 1251 litigare.”

243 1296 306 1329 54.
368 1283 593 1346 Pallam.]
650 1288 687 1330 A
719 1290 885 1335 shawl,·
926 1291 1062 1331 cloalc.
1128 1294 1287 1333 Vestem
1323 1294 1564 1346 superiorem
1600 1309 1687 1334 mu-

170 1371 322 1414 lierum,
351 1385 470 1422 quam
495 1372 537 1410 in
562 1371 768 1423 publicum
794 1371 1011 1423 proditurae
1037 1372 1264 1412 induebant.
1316 1373 1412 1411 Aul.
1442 1379 1527 1413 125.
1555 1374 1604 1412 G.

245 1469 307 1503 55.
371 1458 495 1507 Dari
527 1460 702 1518 verba]
758 1468 898 1506 Oritur
928 1467 1012 1507 haec
1047 1469 1200 1520 phrasis
1229 1481 1282 1507 ex
1312 1469 1360 1508 iis
1392 1469 1461 1520 qui
1493 1483 1584 1508 cum
1618 1470 1688 1508 ali'-

171 1545 269 1596 quid
304 1546 567 1597 promiserint,
603 1546 706 1584 facta
733 1547 863 1585 verbis
891 1546 998 1585 haud
1034 1554 1264 1598 exaequent3
1306 1554 1352 1586 ut
1382 1547 1495 1586 verba
1522 1555 1688 1595 tantum,

171 1622 229 1671 (et
254 1620 352 1658 nihil
379 1620 512 1672 ultra‚)
542 1619 689 1659 dedisse
713 1621 931 1660 videantur.
986 1621 1081 1660 Aul.
1104 1628 1166 1662 23.
1218 1623 1318 1661 “Ne
1344 1623 1442 1661 mihi
1464 1637 1512 1662 ex
1537 1624 1690 1662 insidiis

172 1694 284 1732 verba
303 1694 544 1746 imprudenti
563 1694 679 1733 duit.”
734 1695 901 1741 Persius,
923 1696 1001 1734 Sat.
1019 1695 1100 1735 111.
1122 1702 1181 1742 19.
1234 1702 1260 1719 “
1272 1696 1347 1734 Cui
1366 1696 1480 1735 verba
1496 1697 1546 1735 .9”
1599 1699 1689 1737 Ter.

173 1769 277 1807 And.
296 1769 327 1807 Ι.
347 1775 382 1808 3.
401 1769 436 1808 6.
490 1775 516 1792 “
528 1770 601 1807 Cui
620 1769 734 1808 verba
751 1770 843 1808 dare
861 1770 1017 1809 difficile
1034 1772 1126 1809 est.''
1145 1772 1215 1809 &c-

246 1898 309 1904 -—
371 1868 540 1931 Catae.]
604 1874 788 1929 Crafty,·
822 1876 1034 1929 cunning.
1090 1880 1262 1920 canidae.
1316 1881 1424 1919 Pers.
1452 1882 1541 1925 617.
1594 1886 1620 1904 «τ
1630 1883 1692 1921 112

171 1963 258 1996 cata
284 1964 344 1996 est
369 1965 410 1996 et
436 1957 607 1996 callida.''
660 1958 748 1996 Vox
775 1971 798 1996 a
825 1957 980 1996 Sabinis
1006 1957 1137 2005 ducta,
1165 1959 1220 1997 ait
1246 1959 1358 1997 Varr.
1387 1960 1432 1998 L.
1453 1961 1498 1998 L.
1526 1960 1602 1999 VI.
1628 1967 1664 2000 3.

247 2061 309 2101 56.
334 2060 336 2064 ·
373 2055 650 2120 Lepidum]
709 2060 871 2114 Pretty.
942 2065 1050 2103 Infra
1070 2070 1131 2108 71.
1186 2066 1270 2103 Mil.
1293 2071 1403 2105 1132.
1458 2067 1556 2105 “Ut
1572 2067 1693 2119 lepide

175 2142 447 2180 deruncinavit
463 2142 662 2181 militem.’'
698 2148 807 2182 1151.
837 2149 862 2165 “
874 2143 1042 2182 Militem
1061 2143 1180 2195 lepide
1195 2143 1470 2182 ludificarier.”
1494 2146 1589 2183 Aul.
1602 2151 1690 2184 451.

246 2259 314 2267 -—-
374 2230 560 2288 Fabre.]
612 2234 826 2288 cleverly„-
859 2236 908 2275 in
930 2248 957 2275 a
978 2236 1305 2277 workman-lilce
1324 2249 1520 2278 manner.
1570 2241 1693 2295 Apul.

178 2316 272 2354 Met.
303 2316 348 2354 L.
377 2317 450 2354 XI.
504 2317 697 2355 “Navem
715 2316 932 2369 faberrime
966 2318 1144 2357 factam-'³
1199 2319 1298 2358 Hor.
1336 2320 1416 2358 Sat.
1446 2321 1502 2358 ΙΙ.
1535 2334 1601 2359 111.
1630 2328 1694 2361 22.

179 2394 204 2411 “
218 2389 328 2436 Quid
354 2389 552 2442 sculptum
580 2390 766 2451 infabre?

251 2492 313 2531 60.
378 2488 617 2550 Insidias]
679 2493 750 2534 An
779 2495 1046 2537 ambuscade.
1102 2501 1167 2539 Ab
1199 2500 1238 2538 in
1270 2509 1311 2539 et
1336 2502 1468 2544 sedem·
1502 2502 1572 2540 ubi
1603 2502 1694 2554 quis

177 2574 364 2614 adversus
389 2576 549 2614 alterius
577 2576 742 2615 salutem
769 2576 988 2616 insidiatur.

251 2691 318 2700 —
375 2661 694 2724 Praesidium.]
728 2672 850 2719 Quod
866 2673 996 2720 alicui,
1015 2674 1151 2713 auxilii
1171 2688 1286 2714 causa
1300 2677 1557 2727 proeponitur.
1595 2677 1692 2716 Sub-

179 2746 317 2784 sidium
339 2755 483 2794 autem,
507 2749 562 2788 ait
586 2750 738 2796 Festus,
756 2753 778 2766 ''
791 2751 899 2802 quod
920 2753 1167 2804 postponitur
1185 2753 1233 2791 ad
1255 2755 1568 2793 subveniendum
1586 2755 1693 2794 labo-

179 2822 399 2861 rantibus.“
436 2824 702 2870 Maecenatem,
724 2826 987 2865 “Praesidium
1006 2829 1152 2873 suum,”
1176 2835 1287 2867 vocat
1308 2829 1444 2868 Horat.
1462 2830 1539 2869 Od.
1559 2830 1590 2867 1.
1611 2843 1637 2868 1.
1657 2836 1692 2868 2.
