1864 3152
202 262 288 307 168
637 325 642 330 ,
756 265 1167 309 GLossnuuM

191 394 298 435 haud
322 407 411 434 raro
438 407 485 433 ex
513 407 612 432 auro
636 394 726 440 fuit,
755 395 927 447 ideoque
948 395 1166 448 impensius
1190 396 1418 442 constabat3
1448 397 1525 436 Ov.
1554 398 1651 439 Met.
1672 399 1726 437 ΙΙ.

188 476 278 516 734.
329 477 355 494 “
368 470 425 509 Ut
442 469 589 518 limbus,
606 477 819 522 totumque
834 478 1026 523 appareat
1042 473 1216 510 aurum-'¹
1257 471 1320 511 Ib.
1339 471 1389 510 V.
1407 478 1470 512 51.
1515 479 1542 497 “
1554 473 1726 514 Indutus

188 545 440 598 chlamydem
469 544 649 598 Tyriam,
675 558 797 597 quam
816 544 956 584 limbus
975 545 1113 585 obibat
1134 545 1321 584 Aureus-'⁹
1364 545 1472 585 Non.
1492 548 1589 600 Cap.
1608 547 1724 587 xlv.

187 626 251 660 30.
304 621 327 635 ''
340 619 509 666 Limbu,
530 618 725 659 muliebre
744 619 1040 666 vestimentum,
1069 619 1179 672 quod
1196 633 1417 673 purpuram
1434 621 1478 659 in
1494 621 1576 660 imo
1592 621 1724 662 habet.

188 694 355 734 Plautus
390 693 528 734 Aulul.
591 692 824 733 “Textores
864 693 1090 741 limborarii,
1134 694 1391 734 arcularii.”“
1456 694 1534 734 Sed
1579 696 1725 735 rectius

188 769 344 822 Papias,
380 782 500 822 quem
531 768 627 809 citat
654 768 696 807 in
724 781 849 821 marg.
882 768 980 808 cod.
1011 768 1064 808 H.
1083 768 1120 808 6.
1175 767 1367 808 ''Limbus
1399 776 1470 814 est,
1503 783 1622 821 quam
1653 783 1724 808 nos

185 853 412 885 ornaturam
438 843 621 891 dicimus,
653 857 744 895 quae
766 851 952 883 ornatura
979 843 1105 883 ambit
1125 842 1415 883 extremitatem
1440 843 1624 887 vestium,
1654 850 1723 881 aut

183 934 233 960 ex
252 920 319 960 filo
335 933 456 960 aureo
473 927 669 966 contexta,
698 926 912 972 assutaque
930 927 1108 959 extrema
1125 927 1238 972 parte
1257 920 1522 959 vestimenti.“

264 1057 335 1065 —
409 1023 691 1085 Arcularii]
751 1028 1138 1072 Gabina-malcere-
1199 1033 1283 1081 Qui
1306 1033 1475 1080 arculas,
1508 1033 1547 1072 h.
1566 1047 1599 1072 e.
1628 1046 1720 1085 cap-

181 1112 287 1152 sulas
303 1112 530 1159 muliebres,
549 1111 776 1151 conficiunt.
833 1112 894 1151 Ita
910 1111 1017 1151 Cou-
1036 1112 1118 1152 Ms.
1171 1113 1254 1153 Cic.
1272 1113 1351 1153 Off.
1371 1113 1430 1152 11.
1447 1127 1481 1153 c.
1501 1119 1537 1158 7.
1585 1119 1611 1136 “
1624 1113 1720 1152 Per·

181 1187 348 1228 mutari
379 1186 540 1226 arculas
569 1186 822 1226 muliebres.”
876 1186 1004 1225 Varro
1032 1187 1079 1225 L.
1096 1187 1144 1225 L.
1164 1187 1286 1227 VIII.
1303 1193 1366 1228 45.
1424 1186 1520 1226 “Ut
1541 1187 1659 1226 lectus
1680 1195 1719 1226 et

179 1262 352 1307 lectulus,
378 1274 473 1300 arca
492 1269 533 1300 et
550 1261 686 1299 arcula
697 1275 715 1304 ,⁰
745 1261 802 1299 sic
819 1260 931 1300 alia?

253 1369 342 1409 475.
407 1356 669 1407 Infectores
711 1355 991 1419 crocotarii.]
1065 1362 1209 1417 Dyers
1250 1364 1300 1404 in
1346 1364 1512 1422 sqffron
1556 1363 1717 1403 colour.

178 1442 243 1482 Ita
259 1442 356 1482 citat
374 1441 482 1480 Non.
501 1439 600 1493 Cap.
617 1439 733 1479 XVI.
755 1446 815 1480 11.
842 1439 885 1479 in
903 1453 988 1480 voc.
1007 1446 1170 1480 crocata.
1204 1443 1225 1457 '¹
1236 1441 1377 1482 Crooei
1396 1442 1539 1482 coloris
1556 1440 1717 1481 vestis.“

178 1519 291 1558 Infra
309 1523 397 1559 480.
451 1516 558 1558 Vide
587 1517 698 1556 Nott.
723 1516 841 1555 Critt.
896 1516 979 1557 Alii
1004 1516 1262 1564 crocotularii,
1287 1532 1312 1556 a
1335 1517 1484 1557 dimin:
1512 1516 1716 1561 crocotula,

176 1599 229 1639 de
264 1611 346 1651 qua
374 1597 487 1636 Pan:
528 1597 626 1637 Lex.
655 1596 786 1636 Plaut.
842 1598 864 1612 '⁹
878 1596 1097 1643 crocotula,
1129 1598 1249 1638 vestis
1279 1606 1367 1638 erat
1392 1597 1607 1638 mulierum
1635 1609 1717 1636 non

177 1674 367 1720 virorum,
404 1672 537 1713 Graeei
569 1672 771 1726 κροκότιον
799 1672 1063 1726 appellarunt.
1118 1673 1238 1713 Unde
1262 1673 1380 1726 Virg.
1407 1672 1499 1712 AEn.
1522 1671 1599 1712 lx.
1624 1670 1715 1716 614,

175 1750 421 1790 effeminatos
450 1757 493 1789 et
518 1748 726 1789 semiviros
754 1748 947 1800 Trojanos
974 1748 1155 1788 incessit:
1196 1753 1222 1772 “
1235 1749 1360 1788 Vobis
1387 1748 1497 1803 picta
1523 1761 1647 1794 croco,
1675 1753 1716 1786 et

176 1826 347 1879 fulgenti
365 1825 530 1872 murice,
553 1825 673 1865 vestis
684 1840 717 1872 ;.
730 1855 741 1863 .
755 1824 813 1864 ,Ο
836 1838 930 1865 vere
949 1825 1151 1878 Phrygiae,
1179 1839 1312 1878 neque
1329 1825 1436 1866 enim
1455 1823 1713 1877 Phryges!”“

176 1901 283 1942 Vide
310 1901 441 1952 Supra
466 1899 508 1939 in
536 1913 572 1937 v.
592 1898 681 1939 465.
707 1898 758 1938 G.

249 2011 338 2052 479.
406 1998 756 2064 Nugigerulis.]
813 2006 919 2047 vide
958 2008 1067 2047 Non.
1115 2008 1180 2048 sie
1215 2008 1257 2047 in
1293 2008 1415 2061 Epis.
1445 2007 1534 2048 226.
1589 2006 1710 2045 “cu-

175 2092 310 2132 matile
330 2098 401 2131 aut
421 2090 641 2144 plumatile‚
667 2090 845 2130 cerinum
867 2100 938 2131 aut
951 2092 1150 2143 gerrinum
1165 2107 1180 2131 .·
1208 2106 1336 2144 gerrae
1355 2105 1552 2131 muumoe
1565 2093 1600 2130 !’'
1632 2092 1710 2131 Ubi

170 2181 301 2222 gerroe
329 2173 423 2207 suut
445 2166 499 2205 id.
519 2180 586 2219 qu.
615 2179 729 2219 nugoe
755 2174 890 2206 nostro
917 2167 1015 2207 loco.
1069 2167 1314 2207 Glossarium
1339 2168 1521 2220 prebent
1543 2168 1583 2207 in
1605 2181 1708 2207 mnr-

173 2244 269 2296 gine
304 2242 430 2283 Codd.
472 2241 527 2280 H.
548 2247 585 2281 2.
607 2240 644 2281 6.
686 2241 755 2280 ubi
788 2249 920 2281 tamen
956 2241 1103 2293 legitur
1141 2241 1413 2294 Nugivendis;
1451 2242 1557 2281 Vide
1593 2241 1706 2281 Nott.

174 2319 289 2359 Critt.
342 2317 606 2371 ”Nugivendi,
631 2330 768 2357 omnes
786 2317 843 2356 illi
862 2318 932 2370 qui
956 2317 1110 2370 aliquid
1132 2318 1365 2358 mulieribus
1385 2318 1587 2365 vendunt;
1615 2332 1705 2358 mm

171 2393 306 2434 onmia
339 2393 487 2445 quibus
521 2398 710 2431 matrone
754 2399 935 2437 utuntur,
973 2406 1100 2445 nugas
1132 2392 1298 2433 Plautus
1334 2394 1461 2433 voluit
1493 2393 1705 2446 appellare.

175 2471 279 2510 Non.
305 2470 431 2509 Marc.
448 2468 511 2508 all.
531 2467 571 2507 h.
588 2473 648 2507 ι’*
702 2467 755 2507 Et
776 2467 833 2507 sic
850 2468 966 2507 Con:
999 2469 1085 2508 Ms:
1115 2470 1137 2484 '⁹
1152 2468 1233 2517 Qui
1257 2470 1421 2509 vendunt
1442 2482 1506 2509 res
1527 2470 1705 2522 nugales,

171 2551 276 2591 sicut
305 2563 368 2590 res
397 2549 611 2603 pueriles.“
667 2547 811 2588 Noster
844 2547 989 2594 Ilum,
1026 2547 1340 2601 ''Nugigernlis;
1372 2547 1535 2600 quidam
1564 2548 1701 2587 codd:

171 2623 411 2678 nugivendis,
440 2631 562 2677 atque
590 2623 648 2663 ita
673 2622 783 2676 apud
815 2622 1009 2668 Nonium,
1038 2622 1147 2675 quod
1174 2636 1267 2663 cum
1299 2622 1495 2663 Lambino
1529 2624 1705 2663 mlimf‘

171 2698 371 2752 Equidem
400 2706 610 2750 utramque
638 2709 778 2737 vocem
805 2709 891 2737 esse
919 2710 967 2736 ex
996 2696 1126 2736 Plauti
1154 2710 1274 2745 mnnu
1302 2697 1494 2750 suspicor,
1525 2699 1594 2750 qui
1622 2699 1704 2751 pri-

169 2787 280 2815 mum
308 2772 548 2826 nugivendis,
574 2780 665 2826 post
691 2780 837 2818 autem,
865 2773 929 2823 (ut
954 2772 1219 2825 exquisitius)
1246 2773 1498 2826 nugigerulis,
1526 2774 1663 2815 edidit.

1854 2672 1864 2719 ἒ
