1864 3152
748 247 1152 289 AULULARIA.
1681 249 1734 289 21

294 379 546 444 Virginem
566 377 686 426 mihi
709 378 1003 443 desponderi.
1045 379 1208 427 Verba
1225 395 1286 427 ne
1307 378 1465 434 facias,
1486 395 1626 427 soror.
1665 391 1738 424 130

294 462 415 518 Scio,
463 462 579 526 quid
624 462 810 510 dictura
848 478 923 510 es:
970 462 1092 511 hanc
1133 479 1232 510 esse
1276 478 1544 526 pauperem.
1614 461 1738 510 Haec

489 562 667 610 pauper
699 544 868 609 placet.

162 627 261 676 En.
292 627 383 675 Dii
406 629 527 675 bene
548 630 763 675 vortant!

487 729 492 732 ·
560 710 676 758 ΜΕ.
708 711 844 759 Idem
870 727 957 775 ego
981 727 1126 774 spero.

774 795 874 842 ΕΠ.
900 794 1037 851 Quid
1057 812 1131 843 me
1151 798 1314 844 nunc?
1341 796 1471 852 Quid
1488 797 1595 844 vis?

1455 880 1568 928 ME.
1593 879 1734 928 Vale.

160 965 262 1014 ΕΠ.
291 966 365 1014 Et
386 973 442 1014 tu
465 965 625 1014 frater.

626 1046 740 1094 ME.
775 1046 885 1111 Ego
906 1048 1178 1095 conveniam
1205 1047 1505 1103 Euclionem,
1541 1048 1582 1095 si
1605 1047 1734 1095 domi

290 1130 398 1180 Est.
456 1131 550 1180 Sed
567 1148 725 1179 eccum
744 1131 900 1178 nescio
915 1130 1044 1178 unde
1062 1148 1161 1179 sese
1175 1130 1316 1178 homo
1332 1132 1501 1196 recipit
1514 1131 1706 1179 domum
1724 1133 1733 1177 !

638 1463 776 1505 ACT.
810 1464 877 1505 ΙΙ.
943 1463 1140 1506 SCENA
1176 1462 1241 1504 II.

672 1608 859 1642 EUCLIO.
906 1609 1214 1642 MEGADORUS.

154 1721 255 1770 ΕΠ.
287 1721 580 1786 Praesagibat
611 1724 679 1770 mi
708 1724 909 1780 animus,
943 1723 1119 1772 frustra
1150 1740 1228 1771 me
1258 1724 1342 1779 ire,
1370 1740 1514 1786 quom
1545 1711 1731 1770 exibam

482 1805 649 1852 domo:
1659 1815 1731 1849 135

287 1888 460 1952 Itaque
478 1889 662 1937 abibam
686 1890 894 1937 invitus:
915 1906 1026 1937 nam
1043 1906 1197 1953 neque
1217 1890 1462 1953 quisquam
1484 1887 1732 1935 curialium

285 1971 456 2028 Venit,
478 1989 632 2036 neque
654 1974 894 2037 magister,
930 1990 1068 2037 quem
1093 1972 1305 2021 dividere
1327 1980 1575 2037 argentum
1601 1989 1732 2037 opor-

485 2057 597 2104 tuit.

214 2195 310 2219 v.lae.
344 2194 595 2221 Iuomnoecodd.
617 2195 940 2228 nisiquodexduobm,
959 2194 1387 2226 naamam-umquam
1408 2194 1733 2221 noenfiscmsaevideo

151 2242 235 2268 quare
253 2235 611 2268 cunnBotlepsQuidm'?
626 2238 768 2269 Numquid
783 2238 848 2263 vis?
863 2238 915 2267 vel,
933 2235 1079 2266 cumanis,
1098 2236 1195 2267 Quia?
1212 2236 1257 2261 Me
1271 2236 1406 2267 nunquid
1419 2236 1483 2261 υἱεῖ

207 2338 292 2373 130-
334 2333 456 2373 Verba
467 2335 665 2387 nef-acius,
676 2349 796 2381 soror,
808 2335 907 2386 em]
1033 2333 1096 2364 She
1104 2332 1165 2388 ‘has
1177 2332 1313 2370 brought
1329 2342 1349 2362 a
1361 2331 1497 2369 wealthy
1511 2332 1617 2369 dowry
1631 2331 1664 2361 in
1677 2331 1732 2362 her

151 2396 225 2435 Nil
253 2410 345 2436 sane
371 2398 503 2437 locuta
529 2407 588 2437 est
614 2399 746 2438 adhuc
768 2400 907 2437 Euno-
1032 2383 1215 2465 cuffies
1227 2433 1289 2463 and
1302 2432 1332 2463 in
1346 2438 1467 2471 raepect
1479 2431 1515 2462 of
1522 2431 1576 2462 her
1588 2436 1719 2470 povmy

151 2460 242 2504 mia,
271 2473 410 2499 verum
431 2475 480 2499 ex
499 2461 613 2499 vultu
632 2463 719 2513 ejus
738 2476 908 2513 augura-
1091 2458 1263 2520 cmbegffl,
1721 2454 1731 2468 ι

150 2529 217 2560 tur
236 2523 477 2574 Megadorus
495 2537 586 2575 quae
608 2525 659 2563 sit
676 2526 798 2563 animi
820 2538 907 2564 sen·
1032 2534 1139 2565 Ishall
1148 2533 1228 2564 have
1235 2532 1291 2564 her
1298 2543 1384 2564 more
1392 2532 1495 2571 loving
1502 2531 1732 2569 audobedient‚

150 2586 285 2624 tentia.
340 2586 526 2625 Plautum
561 2587 739 2627 imitatus
769 2596 829 2627 est
856 2587 908 2627 ad
1033 2582 1228 2614 cutheard.”

149 2650 315 2688 verbum
343 2650 492 2689 Noster
519 2651 612 2690 BEN
638 2652 814 2691 JONSON.
1133 2642 1194 2672 The
1207 2641 1306 2672 Silent
1323 2640 1459 2671 Womau.
1498 2640 1574 2672 Act.
1585 2640 1614 2672 Ι.
1633 2641 1687 2672 Sc.
1701 2652 1732 2671 v.

169 2737 191 2749 “
207 2735 223 2766 I
238 2736 331 2767 know
340 2736 425 2768 what
436 2737 513 2769 thou
526 2738 664 2770 wouldst
673 2748 740 2775 say,
1029 2720 1112 2758 137·
1168 2714 1399 2766 Magisten]
1454 2714 1547 2753 δοῦ·
1588 2715 1729 2754 cun-⁰⁹⁸

210 2785 300 2817 She's
313 2796 400 2824 poor,
413 2788 475 2818 and
490 2787 545 2820 her
558 2788 673 2820 friends
687 2789 849 2820 deceased.
976 2779 1103 2828 Supra
1130 2778 1192 2816 68-
