1864 3152
715 265 1147 308 MENAECHMEI.
1673 266 1731 308 23

155 399 268 446 ΜΕ.
285 398 428 446 Nunc
451 397 512 445 ad
533 397 729 444 amicam
754 395 1007 451 deferetur,
1031 395 1153 443 hanc
1169 395 1460 444 meretricem
1482 396 1731 444 Erotium:

260 506 266 511 ·
288 479 430 534 Mihi,
460 480 565 534 tibi,
596 487 738 542 atque
764 478 838 527 illi
862 479 1039 542 jubebo
1057 480 1158 541 jam
1187 478 1401 542 apparari
1427 479 1707 542 prandium3

290 564 410 612 Inde
428 580 576 627 usque
592 562 652 610 ad
667 562 885 610 diurnam
901 561 1085 609 stellam
1105 561 1354 609 crastinam
1370 562 1650 625 potabimus.
1682 573 1733 614 95

155 646 254 693 PE.
288 645 531 710 Expedite
563 643 842 692 fabulatu’s:
877 643 913 691 J
914 660 990 691 am
1026 643 1145 692 fores
1179 642 1330 690 ferio?

289 811 384 859 Vel
402 827 540 858 mane
559 811 719 858 etiam.

1309 726 1423 774 ME.
1456 727 1580 775 Feri.

550 893 647 941 PE.
682 890 825 941 Mille
847 909 1068 956 passuum
1095 896 1421 940 commoratu’s
1442 892 1734 942 cantharum.

159 975 270 1025 ΜΕ.
286 977 482 1026 Placide
503 977 652 1041 pulta.

624 1059 717 1106 PE.
754 1058 956 1114 Metuis,
991 1058 1140 1112 credo,
1175 1074 1234 1105 ne
1260 1057 1379 1106 fores
1404 1059 1574 1107 Samiae
1598 1060 1736 1108 sient.

160 1143 271 1191 ME.
290 1144 454 1198 Mane,
500 1160 650 1198 mane,
702 1143 900 1197 obsecro,
952 1141 1135 1189 hercle:
1194 1158 1344 1205 eapse,
1403 1159 1572 1197 eccam,
1622 1144 1736 1190 exit.

487 1226 599 1274 Ah!
637 1226 795 1274 Solem
830 1225 995 1273 vides?
1687 1238 1738 1277 99

289 1310 440 1359 Satin’
470 1319 525 1358 ut
552 1314 844 1358 occoecatu’st
870 1327 963 1374 prae
993 1308 1136 1372 hujus
1167 1311 1366 1374 corporis
1396 1310 1709 1359 candoribus?

218 1415 242 1432 v.
260 1409 298 1434 99.
333 1408 432 1433 Prior-is
444 1409 527 1433 Mane
537 1408 586 1433 ult.
604 1408 664 1440 syll.
683 1408 779 1439 con-ip.
814 1407 890 1432 Infra
904 1407 958 1432 206.
974 1407 1028 1432 266.
1063 1407 1125 1432 Aul.
1137 1407 1319 1439 eoa—Eume,
1337 1408 1392 1433 Bo:
1413 1415 1449 1433 ex
1463 1410 1618 1440 conjectum
1634 1410 1738 1435 Aeidal.

158 1450 473 1480 B.l,abaeeoeae.til.
507 1451 537 1475 B.
556 1450 813 1479 mortemue-rit.
846 1450 979 1474 ceterum
997 1449 1064 1478 B.l,
1085 1450 1132 1478 ολ,
1150 1450 1331 1475 eolemvides:
1353 1450 1427 1481 quod
1444 1450 1739 1482 Pmimlonimiget

160 1498 266 1517 vermm
282 1499 354 1523 sequ.
372 1491 549 1517 Menaechmo.

210 1562 273 1602 95.
328 1556 427 1594 Inde
445 1556 600 1608 usqua]
646 1555 709 1593 Ex
727 1555 796 1593 illo
813 1562 912 1593 tem-

159 1632 255 1670 pore
274 1633 402 1670 usque
420 1619 471 1657 ad
489 1618 667 1657 Luciferi
686 1626 828 1656 ortum.

210 1691 273 1737 96.
326 1691 656 1743 Jamfhresserio
669 1691 716 1744 2]
772 1692 869 1728 ‘Am
894 1690 914 1727 1

159 1769 248 1793 now
266 1762 309 1793 to
326 1755 460 1793 knock
482 1763 522 1793 at
543 1755 612 1793 the
630 1755 769 1792 door?'
824 1754 915 1791 vid,

159 1819 263 1856 infra
284 1823 369 1857 148.
389 1832 509 1870 supra
528 1824 589 1864 79.

211 1898 273 1938 97.
332 1891 401 1930 Vel
442 1906 551 1930 mane
595 1891 745 1942 etiam]
810 1891 918 1928 ‘But

159 1955 267 2001 hold,
284 1963 373 2007 stop
386 1970 409 1994 a
422 1955 546 1994 little:
592 1955 758 1993 Confert
772 1954 916 1998 Ham,

163 2018 304 2057 Pseud.
328 2018 414 2059 168.

271 2083 292 2095 “
309 2080 362 2112 Vel
377 2084 530 2121 opperire:
550 2088 597 2112 est
609 2079 727 2120 quod‚'’
741 2086 802 2111 etc.

212 2165 265 2173 —-
319 2142 627 2195 Commoratu’s.]
682 2141 796 2180 ‘You
817 2142 918 2179 have

162 2205 331 2258 stopped
353 2205 422 2244 the
445 2206 569 2244 bottle
592 2220 615 2243 a
638 2205 755 2243 mile!
808 2205 917 2243 Dum

162 2283 226 2308 me
242 2269 318 2308 hoc
339 2270 463 2308 verbo
488 2270 634 2320 (mane)
658 2269 846 2321 prohibes
867 2282 918 2307 ne

162 2333 267 2371 fores
313 2332 463 2378 feriam,
500 2333 690 2384 poculum
734 2347 757 2371 a
799 2333 919 2370 labris

164 2396 276 2447 quasi
306 2395 408 2435 mille
437 2408 622 2449 passuum
655 2396 782 2448 spatio
812 2408 918 2433 amo-

164 2458 255 2497 visti
267 2473 281 2505 ;
321 2472 450 2511 usque
485 2473 532 2498 eo
567 2459 673 2498 enim
710 2458 835 2497 serius
869 2457 920 2496 ad

164 2533 338 2559 mensam
355 2522 646 2560 accumbemus.
694 2521 830 2567 Ludit,
849 2520 921 2571 (ait

166 2581 320 2633 Grion.)
334 2584 614 2623 confundendo
629 2583 922 2635 longitudinem

167 2643 244 2683 loci
278 2653 319 2684 et
352 2648 553 2699 temporis.
621 2648 679 2687 Ut
712 2647 780 2685 ille
813 2646 923 2698 apud

170 2707 329 2755 Quinct-
367 2709 490 2761 [Inst.
522 2712 596 2750 XI.
628 2716 663 2750 3.
703 2710 816 2763 126]
852 2710 922 2761 qui

168 2769 426 2822 interrogavit
460 2772 511 2811 de
546 2772 730 2824 quodam,
768 2779 795 2795 “
813 2772 924 2820 Quot

170 2834 293 2873 millia
302 2849 488 2887 passuum
500 2837 804 2885 declamasset?
818 2837 922 2875 Con-

982 1555 1058 1593 fert
1076 1554 1219 1600 Bothe,
1240 1555 1360 1595 Truc.
1380 1562 1481 1604 305,-

1001 1629 1022 1642 “
1036 1628 1121 1666 Quid
1132 1628 1196 1667 jam
1213 1630 1380 1661 revocabas
1397 1641 1460 1667 me,
1479 1632 1619 1671 improbe
1634 1633 1740 1665 nihili-

1078 1690 1139 1718 que
1153 1679 1269 1710 homo?

1042 1730 1123 1766 Quae
1150 1740 1297 1768 passuum
1320 1731 1375 1762 tibi
1399 1731 1487 1763 mille
1510 1734 1633 1771 peperit
1653 1745 1741 1767 mora

1080 1780 1205 1811 morae.”

1035 1868 1098 1908 98.
1155 1863 1314 1902 Placide
1327 1866 1478 1918 pulta]
1519 1867 1642 1905 Jocus
1660 1868 1740 1907 fre-

984 1926 1267 1976 quentissimus
1281 1929 1389 1979 apud
1404 1928 1585 1968 comicos
1591 1946 1604 1976 ;
1626 1931 1743 1983 cujus

983 1989 1154 2039 plurima
1186 2004 1234 2028 ex
1262 1992 1530 2043 Aristophane
1556 1996 1743 2047 exempla

984 2052 1099 2091 facile
1124 2053 1166 2091 in
1192 2063 1368 2094 mentem
1399 2056 1576 2108 cujusvis
1603 2071 1741 2097 occur-

984 2123 1083 2154 rent.
1124 2116 1250 2168 Apud
1269 2119 1472 2165 Nostrum,
1489 2121 1637 2172 Amph.
1652 2127 1740 2167 870.

1092 2192 1113 2206 ¹¹
1127 2190 1191 2227 Qui
1209 2190 1253 2222 sic
1275 2191 1398 2231 frangas
1418 2193 1535 2224 foraess’
1554 2194 1628 2226 Etc.

1040 2278 1124 2312 100.
1194 2274 1319 2314 Satin’
1362 2285 1403 2315 ut
1451 2280 1680 2316 occoecatu’st
1693 2278 1742 2331 2]

988 2337 1139 2377 Satisne
1172 2339 1295 2385 vides,
1328 2347 1375 2378 ut
1411 2340 1478 2378 Sol
1509 2342 1743 2381 obscuratus

985 2407 1057 2446 est,
1103 2403 1278 2454 corporis
1327 2403 1459 2442 Erotii
1506 2404 1742 2445 candoribus

985 2465 1231 2516 comparatis.
1284 2467 1421 2505 LAMB.
1478 2467 1615 2505 Paullo
1631 2468 1744 2508 aliter

988 2526 1173 2566 Squsr.
1193 2529 1332 2567 Romeo
1349 2530 1428 2567 and
1444 2529 1576 2570 Juliet.

1007 2601 1028 2615 “
1045 2599 1077 2631 It
1087 2597 1115 2631 is
1130 2601 1182 2632 the
1196 2608 1274 2638 east,
1289 2602 1351 2633 and
1367 2602 1470 2634 Juliet
1482 2602 1509 2633 is
1522 2602 1576 2634 the
1589 2603 1655 2635 Sun
1667 2604 1717 2634 !—

1045 2649 1136 2682 Arise
1157 2651 1214 2683 sair
1233 2652 1299 2683 Sun
1301 2674 1490 2683 ...............

1045 2700 1112 2732 The
1126 2702 1299 2741 brightness
1311 2704 1348 2740 of
1361 2703 1414 2733 her
1427 2702 1516 2734 cheek
1529 2704 1630 2734 would
1647 2704 1746 2736 thome

1087 2752 1166 2782 those
1177 2758 1268 2790 stan,

1048 2801 1094 2832 As
1114 2802 1255 2839 daylight
1274 2801 1350 2833 doth
1370 2812 1390 2833 a
1409 2802 1531 2842 lamp.”

1418 2852 1482 2883 Act
1495 2853 1543 2884 II.
1562 2853 1617 2885 Sc.
1631 2865 1668 2884 11.
