1864 3152
629 203 697 245 IN
730 203 1176 247 AULULARIAM.
1580 204 1668 259 127

222 338 285 385 69-
356 334 414 382 In
447 335 606 396 viros]
675 343 849 383 viritim.
903 345 984 382 κατ’
1011 345 1138 397 ἄνδρα.
1181 345 1239 384 Ut
1257 344 1402 384 Pseud.
1430 349 1516 384 434.
1559 346 1670 383 “Po-

148 419 243 471 pulo
268 419 409 458 viritim
436 421 567 472 potuit
592 420 872 473 dispartirier.'’

222 562 283 599 72.
348 551 606 599 Hominem
638 551 930 616 pauperem]
969 562 1037 600 Sic
1064 561 1299 600 “Homines
1316 561 1530 612 captivos?
1564 562 1672 601 Men.

148 642 182 674 5.
211 636 260 674 G.
477 634 480 638 ⁴

210 771 272 809 74.
342 758 525 821 Num]
593 763 720 805 Even
752 777 863 806 now.
935 770 1120 809 Subaud:
1149 783 1302 822 quoque.
1356 769 1423 808 Sic
1459 769 1537 808 ον.
1570 768 1670 807 Met„

146 853 179 894 Ῑ.
207 862 267 896 58.
322 858 439 897 “Vix
466 872 566 897 nunc
597 859 800 898 obsistitur
826 860 915 906 inis,
946 859 1071 904 Quum
1098 874 1170 901 sua
1196 861 1366 912 quisque
1392 860 1635 910 regant-''...

217 979 280 1017 77.
350 968 664 1030 Consistunt.]
727 974 874 1016 Stand
918 975 1093 1028 talking
1134 975 1242 1016 with
1289 989 1368 1017 me.
1448 981 1544 1020 εἰει.
1580 986 1669 1020 424.

146 1051 231 1092 “In
257 1054 333 1093 hoc
354 1055 439 1106 jam
464 1055 551 1094 loco
577 1068 669 1094 cum
695 1055 818 1094 altero
848 1055 1050 1094 constitit?
1103 1057 1219 1095 Cure.
1247 1062 1335 1096 503.
1404 1063 1430 1080 “
1448 1058 1532 1098 Nec
1558 1058 1669 1109 quis-

145 1142 263 1179 quam
290 1129 495 1168 vobiscum
522 1130 563 1167 in
590 1130 676 1168 foro
701 1130 811 1181 fingi
837 1130 1041 1169 consistere
1066 1130 1221 1169 audet-’³

215 1283 282 1290 —-
316 1251 611 1316 Copulantur
633 1251 886 1312 dexteras]
949 1255 1097 1297 Shake
1117 1256 1260 1297 hands
1278 1257 1384 1297 with
1407 1269 1486 1297 me.
1529 1261 1669 1300 Graeoe

143 1338 400 1390 δεξιώσασθαι.
452 1337 585 1376 AEsch.
613 1337 758 1388 Agam.
780 1343 874 1377 825.
927 1339 1125 1377 Caeterum
1151 1338 1383 1385 notandum,
1422 1339 1670 1392 Copulantur

144 1414 234 1466 dep.
262 1427 336 1465 pro
362 1413 539 1466 copulant
567 1413 774 1466 usurpari;
806 1414 915 1465 quod
935 1421 1046 1453 notat
1075 1415 1179 1452 Non.
1207 1416 1331 1454 Marc.
1350 1416 1413 1454 an.
1439 1416 1479 1454 h.
1498 1423 1527 1455 t.

214 1545 277 1579 80.
340 1532 591 1590 Quantum
624 1531 821 1596 potera]
888 1537 950 1578 As
983 1538 1115 1591 quick
1146 1551 1196 1578 as
1225 1539 1258 1579 I
1283 1552 1381 1579 can.
1441 1543 1553 1582 Men.
1579 1549 1668 1583 340.

142 1622 255 1660 Asin.
286 1627 370 1660 141.
425 1625 451 1642 “
466 1619 647 1671 Remigio
674 1619 853 1671 veloque,
880 1624 1064 1672 quantum
1086 1620 1245 1672 poteris,
1273 1620 1453 1659 festina.”

215 1765 277 1800 84.
347 1752 500 1801 Haud
540 1750 659 1799 falsa
692 1748 831 1810 sum.]
898 1754 928 1794 I
960 1767 1031 1794 am
1068 1753 1167 1794 well
1201 1765 1361 1793 amare.
1440 1757 1564 1796 Haud
1602 1770 1668 1796 me

139 1840 253 1879 fa'llit.
308 1839 414 1876 Men.
441 1836 531 1879 657.
585 1834 674 1872 “Id
708 1846 828 1885 quam
848 1831 964 1870 facile
990 1831 1054 1876 sit,
1080 1830 1189 1868 haud
1211 1844 1295 1869 sum
1306 1829 1484 1883 salsus?

211 1987 279 1996 -
332 1952 574 2014 Odiosas]
645 1958 975 2004 Troublesome‚·
1008 1957 1223 2014 qffensive.
1293 1961 1402 1999 Men.
1421 1965 1511 2000 230.
1538 1960 1588 1998 G.

213 2104 278 2145 92.
328 2086 576 2153 Mussari]
632 2095 811 2135 Reticeri.
864 2095 932 2134 Sic
952 2093 1108 2140 Festus,
1122 2094 1193 2145 qui
1211 2093 1308 2133 citat
1324 2094 1512 2140 Ennium,
1533 2094 1666 2134 “Non

140 2180 254 2219 decet
271 2190 444 2216 mussare
459 2176 621 2215 bonos.”
675 2174 768 2212 Hoc
793 2172 1053 2225 sensu.phne
1070 2172 1231 2218 Noster,
1260 2172 1346 2210 Mil.
1364 2178 1454 2212 313.
1507 2172 1668 2220 “Quic-

141 2253 240 2306 quid
265 2252 399 2291 hercle
426 2258 498 2298 est,
528 2246 736 2287 mussitabo
759 2247 907 2299 potins,
948 2259 1069 2298 quam
1097 2246 1288 2285 inteream
1317 2246 1455 2285 male.'’
1507 2253 1548 2285 et
1575 2251 1664 2291 478.

139 2333 166 2349 “
178 2327 298 2378 Ergo,
337 2324 369 2362 si
396 2323 513 2375 sapis,
549 2319 778 2359 mussitabis.
833 2320 927 2357 Plus
953 2325 1110 2371 oportet
1137 2319 1237 2358 scire
1263 2332 1431 2364 servom,
1469 2332 1583 2370 quam
1609 2319 1665 2359 lo-

139 2398 240 2452 qui.”
293 2397 451 2436 Nonius
476 2402 610 2434 autem
636 2395 691 2434 ait
718 2408 802 2434 esse
828 2394 1068 2433 ’'hominum
1096 2395 1262 2440 occulte,
1287 2402 1329 2433 et
1354 2394 1541 2446 depressa
1566 2409 1665 2435 vooe

138 2471 398 2524 loquentium,
444 2470 553 2522 quod
591 2469 760 2508 celatum
799 2469 979 2508 velint:“
1018 2469 1142 2508 citans
1177 2469 1293 2520 Virg.
1333 2467 1422 2506 AEn.
1464 2468 1538 2506 XI.
1573 2472 1663 2506 344.

140 2549 164 2567 “
179 2543 232 2583 Se
255 2544 355 2583 scire
376 2544 563 2589 fatentur,
591 2542 702 2590 Quid
722 2542 883 2582 fortuna
907 2543 1011 2582 ferat
1029 2542 1182 2594 populi,
1207 2541 1278 2580 sed
1298 2541 1429 2580 dicere
1454 2540 1663 2579 mussant?

138 2619 336 2657 caeterum
366 2618 545 2671 ejusdem
579 2625 640 2656 est
680 2617 931 2670 etymologiae
976 2631 1057 2670 qua
1089 2617 1255 2662 muttire,
1293 2616 1430 2668 [Men.
1459 2616 1548 2656 613.
1583 2615 1661 2667 G.]

136 2707 279 2745 nempe
301 2693 399 2745 quia
423 2693 519 2733 tales
544 2706 596 2732 ne
623 2707 684 2731 mu
708 2693 874 2745 quidem
900 2694 1017 2745 plane
1043 2693 1255 2744 proferant.
