1780 3152
139 257 186 307 iv
734 271 863 306 1²11AE
879 270 1071 305 varro.

136 388 305 438 obiter
327 395 528 438 tantum
553 388 851 438 memoravi.
912 387 1050 436 Huic
1079 382 1260 433 Codici
1288 382 1494 432 titulum
1529 383 1653 441 B.c,

139 475 335 537 indidi;
373 484 425 526 et
451 476 736 543 pleniorem
766 476 884 543 ejus
915 471 1321 540 descriptionem
1358 471 1478 521 huic
1514 471 1653 521 Prae-

140 564 322 615 sationi
346 565 566 633 subjeci.
638 565 709 614 Hi
738 581 859 615 vero
883 562 1122 621 Codices,
1153 570 1213 611 ut
1247 577 1417 627 neque
1448 561 1658 610 omnino

139 654 419 721 spernendi
451 663 588 712 sunt,
623 654 696 703 ita
721 662 895 702 tamen
929 651 1069 701 haud
1102 668 1303 716 magnae
1336 650 1657 700 auctoritatis

139 744 446 802 aestimandi,
500 744 543 794 si
593 742 802 810 quando
843 749 1018 791 textus
1065 741 1118 790 in
1164 740 1442 791 discrimen
1495 739 1655 790 addu-

140 842 304 883 catur.

240 1010 372 1060 Inde
396 1008 454 1058 fit
476 1017 532 1059 ut
557 1009 608 1058 in
637 1009 734 1059 hac
758 1007 938 1058 fabula
959 1007 1165 1058 edenda
1188 1007 1399 1075 parcius
1422 1022 1455 1056 a
1476 1005 1654 1056 Bothii

139 1106 304 1157 textu,
336 1114 492 1163 quem
515 1098 627 1163 ipse
647 1097 770 1147 olim
794 1112 1107 1163 receperam,
1140 1095 1514 1146 discedendum
1537 1111 1656 1145 cen-

139 1188 246 1250 sui3
286 1197 555 1254 utcunque
592 1187 730 1238 enim
765 1204 884 1236 eum
926 1203 1029 1237 non
1065 1186 1275 1237 omnino
1315 1186 1658 1253 probaverim,

137 1277 280 1328 haud
306 1277 441 1345 juris
472 1277 649 1335 nostri,
679 1277 833 1326 unius
862 1284 1067 1326 tantum
1099 1275 1416 1341 alteriusque
1451 1274 1661 1325 Codicis

139 1369 445 1419 auctoritate
478 1367 658 1426 fretuS‚
692 1375 886 1417 temere
921 1366 1197 1416 immutare
1223 1365 1479 1433 judicavi.

238 1537 392 1587 Sicut
433 1537 572 1586 enim
622 1537 674 1586 in
730 1552 904 1586 errore
957 1546 1256 1587 constanter
1311 1550 1657 1601 perseverare,

137 1626 295 1678 animi
344 1625 521 1692 pusilli
566 1634 621 1675 et
661 1624 948 1691 arrogantis
987 1632 1067 1675 est
1110 1625 1377 1683 indicium,
1425 1625 1501 1675 ita
1539 1639 1656 1689 pro-

136 1716 381 1768 culdubio
420 1715 687 1775 lectiones,
725 1732 817 1782 per
851 1714 1018 1765 multa
1047 1715 1240 1766 saecula
1264 1723 1520 1781 receptas,
1555 1713 1658 1764 nisi

139 1806 205 1858 ob
263 1805 625 1872 gravissimam
684 1821 897 1855 causam
932 1804 1246 1862 „eliminare
1307 1812 1360 1855 et
1412 1819 1659 1854 versuum

139 1895 399 1952 ordinem„
433 1902 487 1944 et
526 1894 800 1944 verborum
844 1893 1235 1944 collocationem
1269 1891 1569 1952 sollicitare,
1609 1900 1663 1943 et

142 1984 378 2051 linguam
424 2000 560 2051 pene
606 1983 776 2050 ipsam
821 1999 1014 2050 susque
1057 1983 1229 2050 deque
1274 1983 1502 2042 turbare,
1553 1982 1663 2049 opi-

145 2085 262 2136 ficis
318 2102 477 2135 manu
530 2084 745 2150 indiget,
800 2092 993 2136 cuncta
1042 2083 1441 2150 diligentissime
1491 2083 1661 2149 inqui-

146 2175 324 2234 rentis,
355 2174 464 2225 suis
497 2174 696 2224 viribus
733 2182 813 2224 est
845 2174 937 2225 ubi
966 2173 1265 2232 diffidentis,
1300 2181 1355 2222 et
1388 2172 1520 2222 nihil
1559 2189 1662 2222 non

147 2263 327 2317 auxilii
354 2262 423 2313 ab
454 2261 673 2313 aliorum
700 2262 919 2313 consilio
946 2271 996 2313 et
1026 2261 1307 2330 prudentia
1337 2261 1663 2328 expetentis;

148 2353 311 2403 dotes·
349 2350 579 2417 denique
617 2352 845 2418 postulat
887 2351 955 2403 iis
993 2350 1355 2409 alienissimus,
1398 2356 1531 2416 quas
1573 2349 1664 2401 ho·

148 2443 442 2494 diemorum
474 2441 729 2492 editorum
765 2442 848 2492 vel
880 2441 1150 2509 patientia,
1185 2440 1282 2499 vel,
1318 2457 1450 2507 pace
1486 2456 1664 2491 eorum

150 2531 388 2589 dixerim,
417 2529 690 2589 modestia,
726 2530 1035 2598 plerumque
1066 2530 1367 2599 promittere
1399 2528 1621 2579 videtur.

189 2660 194 2667 ’
225 2678 376 2717 Dabam
403 2654 503 2717 conss
531 2677 677 2735 christi
704 2676 869 2716 cantab.

283 2757 325 2784 vt
354 2746 415 2785 td.
446 2738 572 2798 April.
600 2738 800 2785 nncccxn.
1453 2718 1474 2742 ⁸
