1864 3152
626 251 692 291 IN
731 249 1185 292 AULULARIAM.
1589 249 1673 290 145

215 389 304 423 281.
376 377 698 438 Trifurcifeb]
776 384 916 438 Thief
950 384 1002 438 os
1032 383 1205 423 thieves.
1279 384 1382 422 Vide
1417 383 1546 421 Gloes.
1577 385 1616 422 in
1644 399 1678 423 v.

142 470 206 507 47.
266 464 517 516 Trivenefica.
590 464 653 503 Ita
687 464 797 503 Infra
832 469 919 508 587.
986 469 1012 486 “
1030 463 1121 500 Non
1158 462 1236 506 fur,
1283 460 1351 499 sed
1386 459 1543 511 trf's'url'
1571 459 1677 498 Rud.

142 535 230 581 639.
286 536 332 573 L.
371 536 525 581 “Tun'‚
564 534 797 588 tnfurcffer,
835 535 932 574 mihi
965 534 1088 573 audes
1121 533 1377 572 inclementer
1412 532 1572 571 dicere?
1628 532 1678 570 T.

143 610 298 656 Fateor,
329 623 406 662 ego
434 609 656 661 tnfurcg‘fer
684 610 807 648 sum.”

206 747 295 781 283.
359 733 542 795 Licet]
621 740 753 786 Well,·
788 742 836 779 at
857 751 969 791 your
991 738 1162 778 service.
1227 741 1295 780 Sic
1325 742 1432 781 Men.
1466 747 1528 781 81.
1583 743 1671 781 Mn.

141 822 312 861 “Etiam
348 821 519 862 concede
554 821 644 860 huc.
712 821 782 859 Pr..
811 818 956 858 Licet.”
1010 819 1125 858 Cure.
1158 824 1245 862 724.
1300 820 1370 857 CA.
1400 825 1426 842 “
1438 820 1540 871 Age,
1577 833 1674 872 ergo

140 898 271 950 recipe
303 905 494 936 actutum.
561 897 642 935 ΤΗ.
671 896 816 934 Licet.''
884 893 1058 932 Videtur
1087 894 1288 945 praecipue
1319 893 1404 932 haec
1446 907 1521 932 vox
1559 907 1673 933 usur-

140 973 225 1023 pari
254 972 324 1011 ubi
354 972 524 1011 officiosa
551 971 735 1023 quaedam
764 970 943 1009 celeritas
973 968 1217 1020 designatur.

208 1094 296 1135 289·
363 1081 631 1143 Detrusti]
703 1092 782 1131 Pro
812 1091 1023 1137 detrusisti,
1060 1091 1169 1142 quod
1197 1090 1314 1142 plene
1343 1090 1440 1129 dant
1472 1091 1598 1129 Codd.

211 1219 300 1260 290.
362 1209 444 1256 Ad
475 1206 661 1273 ravim]
734 1212 799 1253 To
831 1213 1096 1253 ltoarseness.
1166 1213 1233 1252 Ad
1259 1214 1502 1253 raucitatem.
1549 1216 1570 1229 ''
1585 1215 1667 1253 Ra-

139 1292 208 1338 vis,
253 1293 474 1339 raucitas;“
518 1292 625 1330 Non.
650 1293 772 1332 Marc.
800 1292 863 1331 all.
891 1292 930 1330 h.
950 1299 977 1330 t.
1007 1298 1051 1329 ut
1080 1303 1199 1329 ravus
1226 1290 1306 1343 adj.
1337 1304 1491 1331 raucus.
1560 1291 1667 1331 Hinc

135 1373 175 1404 et
201 1366 321 1413 ravio‚
348 1366 553 1406 clamando
578 1379 722 1405 raucus
749 1367 811 1404 fio.
868 1365 1020 1403 Poenul.
1047 1364 1134 1408 647.
1203 1370 1228 1386 “
1243 1365 1370 1415 Nego,
1400 1372 1440 1403 et
1470 1366 1665 1416 negando,

135 1441 167 1479 si
187 1441 285 1492 quid
303 1442 435 1487 refert,
458 1441 600 1480 ravio.''
657 1440 847 1492 Ejusdem
863 1441 1030 1491 originis
1049 1447 1152 1484 sunt,
1177 1440 1313 1479 Germ.
1337 1438 1498 1486 mile.
1542 1442 1663 1493 Angl.

137 1515 284 1553 Raven.

196 1619 286 1659 292.
351 1605 531 1667 Perit]
603 1613 651 1653 Is
671 1612 765 1652 lost.
783 1602 904 1653 ‘Vide
924 1614 1033 1652 Nott.
1089 1614 1286 1652 Caeterum
1303 1616 1487 1654 observat
1505 1616 1661 1655 (ἔκλινε

133 1697 154 1710 ”
169 1695 434 1734 Proverbium
457 1703 517 1734 est
544 1695 632 1740 hoc,
663 1694 772 1746 quod
798 1701 915 1746 poeta
941 1700 1055 1732 vetus
1080 1692 1181 1731 dixit
1206 1693 1316 1744 apud
1333 1693 1440 1733 Non.
1470 1695 1661 1735 “Benefi-

132 1768 238 1806 cium
265 1769 306 1806 in
334 1768 457 1807 sterili
485 1775 618 1819 segete
644 1768 860 1807 obserere.”
875 1772 900 1789 “

202 1877 291 1919 294.
357 1867 407 1915 Si
432 1866 551 1932 qui.]
593 1875 735 1927 Siqua
763 1887 814 1913 re.
858 1873 950 1912 vet.
975 1872 1050 1911 abl.
1107 1872 1197 1910 vid.
1224 1872 1334 1911 Men.
1354 1879 1443 1919 219.
1463 1874 1512 1912 G.
1531 1881 1572 1912 et
1591 1873 1657 1912 In-

130 1956 191 1994 fra
217 1956 305 1995 456.

200 2065 291 2105 295.
354 2053 589 2114 Poscere.]
659 2058 719 2098 In
753 2057 930 2114 asking.
992 2062 1018 2098 i.
1039 2074 1105 2112 qu.
1133 2061 1173 2099 in
1196 2062 1384 2114 poscendo
1394 2076 1412 2105 ;
1441 2075 1513 2114 per
1542 2062 1656 2108 Hem

129 2142 337 2181 enismum.
402 2143 467 2182 Sic
503 2141 621 2194 Epid.
655 2146 740 2187 190.
812 2147 838 2163 “
852 2140 984 2187 Quem
1011 2154 1169 2180 omnem
1195 2155 1267 2193 per
1298 2143 1438 2181 urbem
1463 2155 1550 2180 sum
1585 2143 1654 2182 de-

129 2218 256 2256 fessus
297 2219 503 2270 quoerere.”
545 2222 632 2261 704.
698 2222 724 2239 “
744 2217 833 2267 Ego
863 2230 951 2255 sum
973 2216 1158 2259 defessus
1188 2217 1367 2270 reperire,
1405 2231 1474 2256 vos
1508 2218 1654 2258 defessi

129 2294 333 2344 quoerere.''
387 2292 483 2331 Vid.
518 2293 625 2331 Men.
656 2291 741 2331 161.
770 2291 819 2329 G.

197 2423 287 2464 297-
353 2410 618 2477 supellex]
685 2421 788 2483 Quae
817 2422 868 2461 sit
895 2422 1016 2474 hujus
1045 2423 1152 2461 vocis
1186 2423 1301 2461 latior
1331 2423 1574 2475 significatiO‚
1610 2432 1651 2464 et

129 2498 234 2537 unde
264 2498 479 2544 derivetur,
520 2499 694 2540 diximus
728 2502 770 2540 in
803 2501 930 2540 Gloss.
986 2502 1093 2540 Men.
1121 2505 1197 2540 313
1209 2516 1222 2548 ;
1261 2501 1330 2540 ubi
1365 2509 1406 2540 et
1436 2502 1486 2540 de
1514 2502 1647 2541 ortho-

127 2572 294 2624 graphia
320 2573 498 2626 ejusdem
527 2575 670 2627 agitur.

199 2693 288 2729 304.
361 2681 539 2748 Heus.]
618 2689 748 2730 Ηοιιο
802 2690 931 2731 mere.
1017 2693 1194 2732 vocandi
1239 2663 1469 2744 iriterjectio.
1527 2688 1646 2753 infra

126 2773 213 2806 410.

239 2847 282 2887 19
