1864 3152
494 514 1265 579 ARGUMENTUM

666 719 1103 763 CAMERARII.

234 1092 409 1134 Nonam-1
439 1090 617 1132 Fabulae
644 1089 827 1131 inditum
858 1104 883 1130 a
912 1103 971 1137 re,
1005 1102 1102 1144 quae
1135 1085 1351 1143 negotium
1383 1092 1424 1126 et
1453 1084 1603 1134 variat,
1637 1092 1678 1125 et

104 1168 243 1211 reddit
286 1168 558 1226 copiosiorem
597 1166 914 1224 expositionem.
979 1165 1047 1206 Ea
1085 1171 1148 1205 est
1184 1162 1269 1204 olla
1307 1161 1431 1219 plena
1470 1162 1579 1211 auri,
1620 1176 1683 1202 re-

105 1256 227 1306 perta
265 1248 319 1290 ab
359 1246 564 1288 Euclione
603 1245 646 1286 in
688 1245 813 1286 domo
855 1252 1045 1301 paterna.
1110 1241 1258 1299 Hujus
1301 1240 1409 1282 senis
1451 1239 1681 1282 avarissimi

105 1334 147 1367 et
174 1324 406 1383 parcissimi
435 1323 578 1374 filiam,
606 1323 649 1364 vi
676 1330 806 1364 noctu
834 1321 1075 1364 adolescens
1105 1318 1344 1378 Lyconides
1368 1326 1681 1376 compresserat.

108 1405 263 1462 Itaque
301 1404 484 1446 instante
521 1410 664 1460 partu,
708 1417 805 1444 cum
843 1401 1031 1459 puellam
1071 1407 1246 1450 amaret,
1283 1408 1324 1441 et
1364 1398 1577 1440 avunculo
1614 1397 1685 1439 de-

108 1497 302 1540 sponsam
331 1497 419 1524 esse
442 1481 722 1539 cognovisset,
754 1495 841 1522 rem
868 1494 1032 1521 omnem
1057 1479 1181 1520 matri
1206 1477 1379 1527 indicat,
1408 1484 1450 1518 et
1472 1491 1549 1534 per
1576 1476 1686 1518 hanc

107 1561 323 1617 impetrat,
366 1559 441 1600 illa
477 1558 556 1600 sibi
592 1565 641 1600 ut
682 1558 829 1600 nubat.
894 1558 1063 1599 Interea
1103 1571 1228 1598 senex
1272 1555 1325 1598 de
1365 1555 1457 1597 auri
1493 1553 1687 1596 custodia

108 1639 276 1682 delitias
307 1638 458 1689 facere,
494 1645 535 1679 et
566 1636 674 1678 illud
706 1644 846 1678 tamen
877 1635 1080 1678 amittere.
1147 1634 1262 1676 Hinc
1296 1633 1382 1675 illae
1414 1632 1552 1674 turbae
1584 1647 1686 1688 que-

108 1716 307 1766 relarum,
350 1723 392 1757 et
429 1729 545 1756 error
576 1713 862 1764 confessionis,
907 1713 1030 1755 factae
1065 1711 1249 1770 injuriae.
1313 1709 1508 1752 Tandem
1548 1709 1687 1751 adole-

110 1809 226 1836 scens
261 1792 314 1835 de
346 1807 468 1834 servo
502 1807 578 1834 suo
613 1791 843 1850 cognoscit,
881 1790 987 1848 quid
1016 1790 1069 1832 de
1100 1790 1185 1831 olla
1217 1789 1271 1831 sit
1299 1788 1474 1830 factum.
1538 1788 1688 1843 Atque

109 1872 312 1914 hactenus
356 1870 559 1912 Plautina
598 1869 652 1911 ad
695 1884 770 1911 nos
810 1876 1105 1926 pervenerunt.
1170 1868 1241 1910 Ex
1282 1865 1501 1924 proposito
1545 1873 1686 1907 autem

111 1957 361 2008 argumento
399 1948 580 2005 intelligi
625 1956 780 2005 potest,
824 1955 915 1989 tum
961 1955 1004 1989 et
1046 1962 1198 1988 aurum
1242 1944 1455 1987 redditum
1491 1944 1604 1994 seni,
1648 1951 1690 1985 et

110 2027 234 2069 illum
270 2027 411 2068 animo
447 2034 659 2068 mutatum
691 2025 836 2075 fuisse,
875 2033 917 2066 et
954 2024 1141 2066 dotatam
1179 2023 1307 2065 filiam
1345 2022 1567 2065 tradidisse
1601 2022 1690 2079 Ly-

112 2104 263 2146 conidi.
337 2104 567 2145 Fabricius
607 2101 779 2159 quidem
826 2102 1032 2144 indicavit
1076 2100 1272 2158 quaedam
1316 2101 1466 2142 Romae
1508 2107 1689 2157 reperta,

113 2181 271 2237 quibus
310 2179 609 2237 supplerentur
647 2179 736 2221 haec
773 2179 1034 2221 deficientia:
1077 2178 1149 2220 sed
1189 2192 1240 2219 ne
1272 2177 1346 2218 illa
1379 2176 1552 2233 quidem
1591 2175 1691 2217 satis

115 2260 329 2310 Plautina,
371 2273 508 2315 neque
547 2273 688 2308 causa,
732 2273 809 2299 cur
851 2257 977 2314 adjici
1020 2256 1237 2307 vellemus,
1280 2255 1370 2297 visa
1408 2255 1504 2296 fuit.
1577 2255 1691 2295 Pno-

115 2349 317 2378 rom‘russ
348 2335 489 2392 imago
524 2333 704 2376 sordidae
736 2333 1001 2391 parsimoniae
1034 2342 1075 2375 et
1109 2332 1363 2374 morositatis
1392 2332 1433 2373 in
1469 2330 1689 2372 Euclione.

116 2414 226 2455 Nam
268 2421 309 2454 et
351 2411 430 2453 hoc
471 2412 621 2453 vitium
668 2410 795 2452 senile
838 2419 912 2452 est.
984 2411 1079 2461 Quo
1118 2410 1213 2467 ipso
1257 2424 1427 2465 quoque
1464 2407 1691 2455 indicatur,

117 2505 202 2532 una
226 2505 322 2532 cum
348 2497 472 2531 aetate
499 2487 819 2545 intelligentiam
850 2488 976 2529 animi
1005 2487 1150 2528 minui.
1216 2487 1416 2527 Perverse
1444 2484 1552 2525 enim
1581 2491 1693 2524 certe

119 2568 180 2617 fit,
217 2574 263 2608 ut
297 2575 388 2608 tum
423 2567 601 2608 maxime
638 2565 860 2607 studeatur
891 2566 964 2615 rei,
1000 2580 1093 2606 cum
1134 2564 1299 2605 minime
1333 2562 1384 2603 ad
1420 2576 1540 2603 usum
1577 2560 1692 2616 longi

121 2646 318 2702 temporis
352 2660 444 2700 spes
477 2644 742 2700 relinquitur.
