1826 3164
132 249 160 287 8
705 244 768 286 Μ.
805 245 860 285 Α.
897 243 1141 286 PLAUTI

267 375 377 424 Non
415 373 689 429 Atticissat,
725 389 885 420 verum
924 372 1257 421 Sicilicissitat.

264 458 399 508 Huic
431 464 709 522 argumento
744 455 1034 521 antelogium
1070 454 1157 505 hoc
1188 455 1311 514 fuit3

265 543 409 592 Nunc
440 548 773 607 argumentum
808 540 938 589 vobis
972 539 1248 590 demensum
1280 540 1416 596 dabo,

263 626 375 676 Non
406 625 579 682 modio,
612 640 764 689 neque
798 623 1033 680 trimodio,
1069 640 1231 674 verum
1267 624 1368 690 ipso
1402 622 1595 674 horreo:
1670 637 1712 670 15

263 708 477 757 Tantum
509 707 570 755 ad
604 705 892 756 narrandum
924 713 1083 756 nostra
1116 706 1250 756 adest
1284 707 1573 772 benignitas.

329 791 569 840 Mercator
603 789 796 854 quidam
832 788 926 839 fuit
963 788 1203 855 Syracusis
1238 806 1409 847 senex3

261 875 326 925 Ei
360 883 472 925 sunt
506 875 610 924 nati
642 873 730 923 filii
764 873 943 939 gemini
977 873 1086 930 duo,

261 959 339 1009 Ita
373 959 522 1008 forma
555 957 700 1007 simili
734 958 883 1023 pueri,
919 966 976 1007 ut
1008 966 1159 1008 mater
1193 975 1278 1008 sua

262 1042 370 1091 Non
406 1043 664 1091 internosse
699 1048 870 1105 posset,
906 1057 1009 1105 quae
1042 1057 1297 1091 mammam
1333 1040 1510 1098 dabat;
1660 1054 1711 1087 20

188 1199 267 1223 mla
301 1197 464 1229 Ama-meo
489 1199 517 1221 et
542 1191 1355 1226 anmoysunnoueluunm.—-m.rmun,1nn.1.
1378 1194 1523 1225 ιεςιιύ
1546 1196 1711 1228 prom

125 1234 1179 1271 hammaim—wmammoeylhummmemt-u,
1212 1236 1393 1268 utu-21,
1417 1237 1612 1267 B-ssnffl.
1634 1237 1708 1263 νεα.

128 1283 182 1308 no:
201 1280 359 1314 stin—1⁹.
378 1275 470 1307 enac.
491 1284 548 1304 uon
565 1276 694 1310 uque-dt

124 1403 313 1455 omnique
333 1401 466 1442 Sicilia
484 1401 623 1453 lingua
639 1399 780 1439 Graeca
802 1398 882 1438 us'i·

123 1467 242 1506 tatior
273 1466 357 1505 fere
392 1472 475 1504 erat
506 1476 626 1516 quam
659 1461 883 1502 Siculorum

125 1529 344 1570 vernacula.
400 1528 532 1567 Scau.
586 1522 792 1575 Quantum
812 1538 882 1564 au-

123 1601 205 1633 tem
234 1592 364 1632 Sicula
390 1591 530 1643 lingua
555 1590 606 1629 ab
637 1589 772 1628 Attica
800 1588 881 1628 dis·

121 1664 224 1696 taret
263 1656 412 1709 optime
451 1654 578 1694 discas
613 1665 665 1693 ex
703 1653 882 1693 Bentleio

122 1720 278 1760 Phalar.
315 1719 348 1770 ξ.
387 1731 467 1758 xu.
525 1718 721 1770 Apuleius
756 1716 881 1770 (apud

121 1784 279 1836 Lamb.)
297 1782 502 1835 trilingues
522 1782 675 1821 Siculos
692 1779 879 1834 appellat,

122 1856 167 1887 ut
191 1861 370 1887 sermone
397 1860 488 1886 usos
514 1859 563 1886 ex
590 1845 812 1891 vernacula,
840 1852 880 1884 et

121 1912 274 1957 Graeca,
301 1918 342 1950 et
368 1911 511 1949 Latina
537 1910 675 1961 lingua
695 1909 876 1950 conflato.

120 1976 227 2016 Vide
238 1975 321 2014 Cic.
337 1975 442 2015 citat.
456 1974 496 2013 in
512 1974 641 2013 Gloss.
678 1973 879 2012 Caeterum

119 2039 198 2079 fuit
215 2039 280 2078 hic
294 2052 432 2078 versus
444 2044 681 2089 argumento
695 2049 766 2076 cur
780 2049 878 2075 non-

118 2103 218 2144 nulli
246 2104 541 2155 suspicarentur
571 2102 672 2141 hanc
701 2100 875 2140 fabulam

118 2180 167 2207 ex
177 2167 419 2220 Epicharmo
429 2166 651 2206 traduxisse
664 2165 851 2204 Plautum
862 2178 874 2210 ;

117 2244 209 2270 cum
228 2230 284 2269 ait
303 2229 443 2269 Horat.
464 2229 541 2282 Ep.
562 2228 616 2267 11.
630 2241 666 2276 J.
687 2233 747 2267 58.

146 2308 168 2322 “¹
182 2304 316 2337 Plautus
335 2305 375 2336 ad
394 2304 554 2343 exemplar
577 2304 689 2334 Sucuu
711 2311 874 2341 properare

197 2353 423 2387 Emeum-115·

172 2456 229 2489 14.
273 2448 873 2502 Denoensum.]Sumitu1-mets-

114 2511 251 2565 phora,
278 2512 437 2553 ridiculi
466 2526 595 2559 causa,
622 2525 646 2551 a
669 2522 873 2551 servorum

113 2575 284 2614 demenso
287 2574 497 2627 frumenti,
513 2574 635 2627 quod,
654 2574 873 2615 secundum

116 2638 257 2678 Donat.
290 2639 330 2677 in
367 2639 457 2679 Ter.
494 2637 586 2690 [cit.
618 2651 680 2690 ap.
717 2637 873 2690 Gloss.]

113 2708 198 2741 erat
238 2709 407 2753 quatuor
447 2700 568 2740 modii
609 2701 651 2741 in
696 2701 872 2753 singulos

112 2777 291 2810 menses;
340 2763 505 2817 quinque
545 2770 677 2804 autem
718 2763 869 2809 dicunt,

115 2828 213 2869 Plin.
234 2827 396 2867 xvm.
416 2834 451 2873 9.
507 2830 641 2868 Senec.
666 2827 741 2880 Ep.
764 2834 824 2868 80.

1009 1403 1066 1439 15.
1118 1399 1213 1453 Ipso
1230 1399 1403 1455 horrea]
1439 1402 1539 1442 H.e.
1564 1403 1706 1441 Abun-

949 1461 1178 1503 dantissime
1196 1463 1309 1503 vobis
1324 1464 1536 1513 admetiar;
1559 1465 1706 1516 (tram-

949 1526 1044 1566 latio
1064 1534 1194 1567 sumta
1210 1541 1234 1567 a
1251 1529 1447 1569 mensuris
1463 1529 1665 1568 aridorum
1676 1531 1707 1580 3)

949 1589 1006 1629 sic
1015 1597 1061 1629 ut
1068 1590 1294 1630 ordinarius
1300 1592 1443 1632 modus
1451 1592 1705 1639 admetiendi,

949 1654 1018 1705 qui
1042 1662 1104 1693 est
1129 1668 1201 1707 per
1227 1655 1393 1702 modios,
1420 1665 1643 1710 superetur,
1666 1666 1707 1697 et

948 1730 1019 1770 per
1033 1717 1174 1758 horrea
1184 1728 1447 1772 computetur,
1460 1721 1569 1774 quod
1582 1722 1706 1760 instar

947 1782 1135 1822 frumenti
1149 1781 1382 1823 demensum
1395 1781 1522 1824 datur.
1566 1784 1705 1824 Gnou.

949 1845 1146 1886 Lectiones
1165 1846 1371 1886 Plautinae.
1397 1861 1436 1900 p.
1454 1853 1543 1888 204.
1597 1848 1705 1887 Cim

946 1910 1048 1950 inter
1067 1910 1223 1963 Adagia
1242 1911 1445 1958 Erasmus,
1471 1912 1595 1964 ”Ipso
1616 1912 1703 1951 hor-

948 1987 1022 2020 reo,
1047 1974 1155 2026 quod
1178 1973 1331 2026 prolixe
1350 1982 1390 2014 et
1408 1974 1553 2014 affatim
1571 1975 1702 2021 datur,

945 2038 1280 2091 quemadmodum
1289 2038 1567 2091 §peccunias-o.-
1581 2052 1701 2092 prop-

943 2109 1050 2141 terea
1075 2101 1183 2154 quod
1210 2115 1258 2141 ex
1285 2101 1426 2142 horreo
1450 2102 1607 2155 plenius
1631 2103 1700 2143 de-

942 2165 1150 2217 promitur,
1164 2179 1283 2218 quam
1294 2179 1318 2205 e
1328 2165 1518 2207 choeniee.
1564 2167 1700 2207 Simile

942 2229 1012 2274 illi,
1033 2229 1071 2268 E
1087 2228 1186 2268 dolio
1204 2229 1379 2268 hauris.“

997 2336 1054 2376 16.
1118 2336 1282 2376 Tantum
1300 2338 1403 2391 eta]
1450 2337 1528 2378 Hic
1547 2338 1697 2391 aliquid

941 2401 1099 2441 videtur
1125 2400 1329 2447 excidisse,
1356 2409 1397 2441 et
1424 2402 1525 2442 forte
1553 2402 1610 2443 sic
1641 2403 1695 2442 le-

940 2465 1140 2517 gendum:

972 2540 1107 2572 “Tum
1132 2540 1172 2572 ad
1198 2539 1384 2572 narrandum
1409 2547 1623 2579 argumentum
1651 2548 1695 2571 eu

1057 2589 1131 2622 mihi
1152 2589 1292 2627 cominu,

1003 2641 1037 2673 Si
1055 2642 1095 2697 ad
1113 2640 1350 2673 auscultandum
1366 2646 1464 2673 vestu
1483 2642 1568 2674 aden
1588 2643 1693 2681 benig-

1057 2691 1170 2723 nnus.”

940 2764 1045 2805 Vide
1066 2765 1150 2805 Mil.
1168 2764 1222 2804 11.
1240 2778 1267 2803 ι.
1287 2771 1318 2804 1.
1340 2772 1379 2805 et
1399 2765 1523 2805 Merc.
1541 2765 1571 2804 1.
1591 2778 1616 2804 ι.
1636 2771 1691 2806 15.

941 2827 1082 2867 Hans.
