1864 3152
694 275 1126 319 MENAECHMEI.
1654 271 1712 327 27

137 406 234 454 PE.
268 406 488 464 Quatuor
519 408 660 455 minae
693 405 933 472 perierunt
965 405 1120 470 plane,
1151 411 1207 453 ut
1240 406 1361 454 ratio
1394 403 1619 453 redditur.

138 488 251 537 ΜΕ.
268 489 407 547 Scin‘,
426 490 542 554 quid
558 490 664 538 volo
680 507 766 555 ego
784 498 833 539 te
848 506 1061 538 accurare
1073 491 1096 537 P

946 574 1045 621 ΕΒ.
1073 572 1192 621 Scio.
1206 585 1213 592 ·
1229 571 1432 629 Curabo,
1450 588 1553 636 quae
1569 569 1707 619 voles.

139 654 251 702 ΜΕ.
266 655 301 704 J
303 657 394 705 ube
426 656 574 721 igitur
606 657 740 705 nobis
773 656 900 721 apud
929 663 978 704 te
1011 655 1261 720 prandium
1295 656 1563 710 accurarier,

1635 664 1709 697 125

268 738 436 803 Atque
465 738 650 804 'aliquid
686 740 1070 788 scitamentorum
1104 738 1163 786 de
1195 737 1295 786 foro
1325 738 1589 786 obsonarier
1609 774 1619 784 .
1638 774 1649 784 .
1669 774 1678 784 .
1698 774 1709 784 .

137 820 232 868 ΡΕ.
264 822 636 871 Glandionidam
668 823 871 880 suillam,
904 822 1124 879 laridum,
1158 821 1478 886 pernonidem,
1513 827 1597 869 aut

267 905 500 971 Sinciput,
546 914 629 955 aut
673 915 863 955 omenta
905 906 1109 971 porcina,
1152 912 1237 953 aut
1275 905 1457 969 aliquid
1500 905 1561 954 'ad
1600 921 1707 953 eum

462 990 671 1046 modum,

269 1071 472 1122 Madida
494 1091 596 1138 quae
622 1074 689 1121 mi
712 1074 924 1138 apposita
947 1075 997 1122 in
1027 1089 1237 1122 mensam
1260 1072 1509 1121 miluinam
1539 1089 1707 1137 sugge-

463 1165 583 1206 rant.

137 1238 250 1286 ME.
266 1238 436 1304 Atque
452 1249 679 1291 actutum.

1635 1166 1710 1206 129

652 1325 752 1374 ΕΒ.
784 1325 928 1375 Licet
950 1332 1141 1374 ecastor.

929 1409 1044 1457 ΜΕ.
1076 1410 1178 1457 Nos
1197 1407 1439 1472 prodimus
1459 1407 1522 1456 ad
1540 1406 1708 1455 forum.

137 1488 235 1537 ΡΕ.
265 1488 379 1539 Jam
402 1508 486 1542 nos
503 1492 582 1542 hic
600 1494 799 1542 erimus:
823 1493 937 1541 dum
958 1493 1189 1557 coquitur,
1211 1493 1405 1541 interim
1426 1491 1709 1556 potabimus.

138 1571 237 1622 ER.
268 1573 474 1631 Quando
496 1577 580 1634 vis,
603 1578 738 1625 veni:
761 1584 925 1642 parata
946 1593 1020 1626 res
1042 1577 1146 1625 crit.

1110 1660 1204 1708 PE.
1240 1660 1444 1724 Propera
1464 1659 1604 1707 modo
1620 1661 1629 1707 !

197 1773 223 1790 v.
242 1767 294 1793 125.
325 1767 358 1793 Β.
371 1769 394 1799 l,
411 1768 443 1794 B.
455 1775 479 1800 e,
495 1770 572 1797 nobis
586 1770 682 1801 trt'bus,
693 1770 767 1802 quod
781 1770 804 1795 si
814 1776 910 1795 verum
919 1769 962 1800 sit,
975 1769 1131 1801 prandium
1143 1771 1212 1794 esset
1226 1775 1277 1801 pro
1285 1768 1393 1800 dissyll:
1408 1768 1574 1799 habendum,
1590 1772 1623 1795 ut
1637 1769 1713 1795 Infra

135 1809 197 1838 276;
217 1809 264 1834 sed
283 1809 324 1835 nil
340 1817 410 1842 opus
425 1812 655 1838 mutare—126.
673 1813 756 1838 Abest
771 1812 817 1837 hie
831 1819 924 1837 versus
943 1819 961 1837 a
977 1812 1008 1837 B.
1027 1811 1166 1840 1.--127.
1184 1811 1215 1836 Β.
1235 1811 1257 1842 1,
1282 1811 1313 1836 Β.
1334 1818 1358 1842 c,
1384 1811 1595 1838 Glandiom’cam
1610 1812 1711 1838 cullazm

135 1853 153 1877 1.
168 1858 286 1883 pernam
300 1853 519 1880 iudom—128.
536 1854 568 1880 B.
581 1855 603 1884 1,
621 1854 652 1879 B.
664 1862 687 1885 e,
705 1856 755 1880 aut
769 1856 871 1884 menta,
887 1854 1157 1886 corrupte—Hmuz,
1173 1853 1188 1863 ’¹
1195 1854 1247 1880 aut
1253 1854 1411 1885 polimenta,
1428 1854 1503 1879 Edd:
1519 1854 1622 1886 primae,
1639 1857 1712 1880 reete

135 1897 166 1919 ut
182 1894 295 1919 videtur.
328 1895 487 1927 Potin-enta,
502 1903 520 1922 a
531 1897 662 1928 polmmae
676 1897 766 1928 inquit
780 1896 883 1926 Festus,
899 1898 1021 1928 segetum
1031 1898 1080 1921 aut
1089 1895 1323 1926 vestimentorum,
1340 1896 1415 1927 quod
1429 1895 1554 1922 similiter
1567 1900 1649 1928 atque
1664 1897 1712 1922 illa

135 1940 277 1963 curentur:
292 1937 338 1963 sed
347 1937 446 1970 inepte,
458 1940 522 1964 sunt
530 1938 605 1963 enim
615 1945 630 1963 a
638 1938 712 1970 palie
719 1945 766 1963 seu
773 1937 883 1970 paludis,
900 1937 964 1970 pilis
973 1944 1008 1963 sc.
1026 1944 1060 1963 ex
1071 1937 1146 1963 aluta
1155 1937 1234 1963 molli
1249 1939 1373 1963 tomento
1382 1937 1470 1967 fartis,
1485 1938 1586 1970 quibus
1596 1939 1710 1965 datatim

134 1978 265 2004 ludebant
280 1978 310 2003 in
320 1979 388 2008 som,
405 1979 478 2005 unde
489 1980 577 2011 potire
586 1982 626 2005 est
638 1980 700 2011 pila
709 1980 809 2006 tudere.
842 1980 886 2004 Sic
897 1979 966 2005 saal.
979 1979 1025 2005 sed
1040 1979 1175 2010 Daoerius,
1190 1980 1257 2011 pota
1271 1982 1312 2005 est
1326 1980 1411 2011 pona,
1428 1979 1473 2005 Gr.
1490 1972 1620 2010 πάλλα,
1636 1982 1708 2007 ,ωσι

136 2011 263 2048 πόλλα,
280 2019 352 2044 unde
365 2020 447 2051 polla,
466 2022 494 2045 et
505 2021 600 2052 polire,
619 2020 676 2053 pila
689 2020 794 2046 ludere:
807 2021 956 2051 polimenta
970 2022 1062 2045 autem
1078 2020 1199 2051 apola.“
1229 2019 1368 2049 Haecille;
1382 2020 1509 2051 equidem
1520 2023 1708 2053 veromam.

134 2061 208 2093 quod
217 2061 264 2087 dat
274 2061 361 2087 Both:
376 2062 458 2088 unioe
465 2062 609 2095 legendum
615 2062 834 2095 ¹iudica—129.
852 2062 883 2088 B.
896 2069 919 2093 e,
935 2063 974 2088 ad
987 2062 1233 2088 mensam—1³1.
1250 2063 1319 2088 Jam
1328 2069 1378 2088 not
1386 2063 1441 2092 hic,
1451 2065 1479 2088 et
1488 2064 1624 2095 coquitur,
1640 2065 1672 2090 B.
1686 2065 1710 2095 1.

136 2103 166 2127 B.
179 2110 203 2128 c.
235 2103 321 2129 Both:
335 2104 402 2129 dum
417 2106 551 2136 coquetur.

191 2173 275 2207 123.
335 2169 386 2207 Ut
411 2169 509 2208 ratio
536 2169 747 2221 redditur]
801 2169 889 2220 ‘By

136 2245 238 2282 your
261 2239 449 2279 account3
477 2246 519 2272 as
542 2233 603 2272 far
626 2247 668 2272 as
697 2233 718 2271 1
743 2233 888 2272 under-

137 2295 252 2334 stand
262 2309 365 2348 your
383 2296 607 2349 reckoning!
646 2296 711 2336 Ex
728 2297 888 2336 rationi-

87 2376 91 2385 τ
137 2359 213 2397 bus
230 2373 328 2411 quas
346 2360 490 2399 reddis.
534 2360 720 2412 Namque
738 2367 797 2399 est
813 2359 889 2399 hoc

137 2422 223 2461 loco
256 2423 358 2462 ratio
391 2423 631 2475 argentaria,
664 2424 815 2476 accepti
851 2430 891 2462 et

138 2487 311 2538 expensi.
377 2487 526 2526 Confer
565 2488 656 2527 Ter.
695 2487 775 2526 Ad.
816 2487 889 2525 IV.

138 2561 217 2588 vn.
242 2556 303 2590 24.

160 2623 251 2655 Dea.
290 2625 311 2640 “
323 2624 447 2664 Nempe
466 2630 522 2656 tua
540 2630 606 2657 arte
624 2626 738 2664 viginti
757 2626 843 2655 minae

324 2675 388 2707 Pro
407 2674 538 2715 psaltria
553 2675 702 2715 per-iere!¹

194 2741 278 2781 127.
335 2737 639 2785 Glandionidam,
657 2738 756 2790 etc.]
803 2738 889 2789 Op-

141 2799 235 2838 time
248 2799 333 2839 haec
346 2800 522 2841 Parasito
534 2802 776 2848 tribuuntur,
790 2808 834 2840 ut
846 2802 890 2839 id

139 2877 265 2914 genus
275 2863 477 2903 hominum
488 2866 656 2905 maxime
667 2865 887 2905 istiusmodi

954 2181 1088 2207 rerum
1111 2182 1246 2208 amans
1263 2170 1398 2217 fuerit,
1418 2171 1527 2222 quod
1546 2180 1712 2224 apparet

955 2246 1004 2271 ex
1022 2232 1137 2284 Capt.
1157 2238 1246 2279 774,
1265 2247 1351 2285 sqq.
1375 2240 1416 2273 et
1433 2235 1548 2274 Cure.
1569 2242 1657 2281 327.

955 2309 977 2325 “
993 2307 1098 2339 Perna
1107 2306 1184 2345 suis,
1199 2308 1364 2347 abdomen,
1375 2319 1497 2348 sumen,
1511 2310 1711 2349 glandium.”

955 2387 1045 2426 quae
1059 2380 1152 2412 sunt
1168 2373 1347 2425 reliquiae
1360 2375 1544 2426 parasito,
1562 2377 1710 2417 adven-

955 2437 1051 2476 titiae
1069 2450 1191 2477 coenae
1208 2437 1307 2485 loco,
1326 2440 1528 2491 appositae.

1012 2553 1096 2594 129.
1151 2547 1333 2594 Madida,
1369 2549 1469 2600 etc.]
1536 2553 1548 2571 ‘
1561 2548 1710 2590 Which

956 2610 1073 2650 when
1100 2611 1240 2650 served
1266 2625 1322 2663 up
1343 2617 1386 2650 to
1411 2611 1517 2650 table
1543 2612 1707 2659 cooked,

955 2686 1047 2725 may
1082 2680 1247 2726 suggest
1285 2681 1327 2713 to
1365 2687 1430 2713 me
1466 2688 1490 2713 a
1523 2675 1709 2716 kite-like

955 2737 1153 2789 appetite?
1201 2737 1465 2776 Proverbium
1490 2737 1709 2792 Anglicum

955 2810 1025 2849 est,
1051 2802 1107 2840 As
1133 2801 1284 2853 hungry
1307 2815 1354 2840 as
1379 2815 1404 2840 a
1424 2800 1551 2854 glead.
1604 2804 1707 2844 Vide

954 2867 996 2905 in
1015 2867 1141 2906 Gloss.
