1864 3152
746 563 1139 607 GLOSSARIUM

924 752 963 779 IN

604 866 1298 977 AUiLIJLARIAM.

816 1290 1073 1325 PROLOGUS.

252 1439 288 1470 2.
355 1425 500 1487 Laus]
573 1430 733 1476 “Dea-5,
789 1444 879 1468 nam
919 1431 1114 1481 putabant
1154 1428 1308 1479 antiqui
1342 1428 1384 1465 in
1419 1429 1527 1469 omni
1562 1429 1712 1471 familia

181 1503 312 1541 Deum
342 1506 460 1542 esse.’'
513 1504 620 1543 Com.
648 1505 731 1543 Ms.
758 1505 903 1556 Operae
934 1505 1010 1542 erit
1037 1503 1158 1542 semel
1184 1503 1305 1542 citare
1334 1517 1424 1555 quae
1453 1504 1503 1543 de
1532 1503 1594 1542 his
1617 1518 1710 1556 pro-

180 1578 298 1616 lixius
329 1578 488 1618 exhibet
515 1580 734 1617 Comment-
763 1578 940 1617 Brixiani
970 1578 1058 1617 Etc.
1084 1578 1126 1615 in
1154 1577 1228 1615 Ed.
1259 1578 1388 1617 Parm.
1441 1578 1618 1617 ”Larem
1647 1578 1709 1616 in·

178 1652 392 1703 telligimus
408 1652 615 1692 Genialem
633 1652 763 1691 deum.
818 1651 1105 1702 Unusquisque
1122 1651 1229 1690 enim
1246 1651 1369 1698 locus,
1388 1652 1511 1690 immo
1527 1659 1568 1691 et
1584 1665 1708 1691 unus-
1767 1684 1774 1703 z

179 1727 350 1778 quisque
383 1727 588 1765 hominum
616 1727 823 1779 proprium
857 1726 933 1765 sibi
964 1726 1128 1777 genium
1158 1725 1291 1771 habet,
1328 1726 1412 1765 sive
1442 1726 1590 1765 larem:
1630 1726 1708 1766 hoe

175 1809 247 1846 est,
275 1801 395 1840 deum
407 1817 419 1848 ;
450 1802 564 1853 cujus
591 1815 723 1846 suasu,
755 1815 846 1852 quae
871 1800 1100 1852 peragenda
1126 1807 1219 1839 sunt
1243 1801 1320 1839 rite
1347 1808 1387 1839 et
1408 1808 1528 1846 recte,
1573 1800 1704 1852 perci.-

176 1879 354 1930 piuntur.
417 1878 526 1917 Dicti
558 1878 683 1922 Genii,
720 1878 815 1929 quia
843 1877 1051 1916 nobiscum
1080 1878 1306 1930 gignantur,
1343 1877 1405 1916 vel
1434 1878 1531 1928 quia
1554 1876 1706 1930 genitos

175 1961 383 1992 tueantur:
420 1954 528 1993 unde
563 1954 606 1991 in
635 1953 870 2005 genealogia
902 1961 1037 1992 nostra
1071 1953 1259 2000 diximus,
1301 1954 1439 1993 “Esse
1474 1954 1597 1993 Lares
1630 1967 1702 2005 ge-

174 2029 354 2080 niosque·
370 2029 512 2067 volunt
539 2029 631 2067 data
660 2028 824 2066 numina
851 2028 944 2066 bina
975 2028 1186 2073 Omnibus,
1218 2036 1260 2067 et
1285 2029 1378 2067 vitae
1403 2028 1555 2067 funeris
1582 2036 1702 2080 atque

174 2104 331 2143 duces.''
386 2104 543 2143 Etenim
575 2105 632 2143 ita
659 2103 767 2155 apud
796 2117 932 2142 omnes
958 2103 1085 2145 ferme
1111 2112 1275 2150 constat,
1307 2104 1408 2142 duos
1434 2117 1704 2156 unumquem-

173 2193 252 2230 que
275 2179 426 2230 genios,
455 2179 537 2217 sive
563 2179 677 2224 lares,
706 2185 747 2217 et
769 2186 815 2216 ut
842 2178 964 2229 vulgo
989 2178 1102 2217 aiunt
1123 2179 1284 2230 angelos
1311 2178 1469 2224 habere,
1502 2178 1594 2216 vitae
1620 2191 1702 2217 suae

173 2253 368 2298 custodes,
405 2253 574 2292 alterum
599 2254 763 2298 bonum,
796 2251 964 2291 alterum
993 2252 1153 2291 malum.
1219 2252 1443 2304 Itidemque
1472 2266 1557 2292 esse
1570 2252 1699 2303 sami—

171 2327 311 2366 liar-um
338 2328 520 2380 proprios
546 2327 780 2379 quosdam.“

244 2446 282 2482 4.
346 2433 504 2494 Colo.]
575 2441 767 2486 lababit.
824 2444 904 2483 Pto
932 2444 1078 2488 inmo,-
1118 2445 1229 2483 1nfra
1252 2444 1340 2484 655.
1396 2445 1514 2484 Unde
1539 2444 1694 2498 inquili-

171 2536 255 2567 nus,
283 2521 420 2574 [quasi
452 2522 679 2575 inedium]
716 2524 785 2575 qui
813 2523 918 2562 aedes
945 2523 1102 2568 incoli&
1138 2525 1238 2563 Pin.
1266 2524 1329 2564 Ita
1354 2525 1437 2564 Cic.
1464 2525 1559 2564 Nat.
1579 2525 1632 2563 D.
1658 2538 1702 2564 c..-

170 2596 319 2647 penult.
366 2603 392 2619 “
403 2597 485 2644 Qui
502 2597 574 2636 has
590 2598 798 2636 nobiscum
817 2605 942 2637 terras
959 2600 1010 2637 ab
1029 2599 1179 2637 oriente
1198 2598 1250 2637 ad
1269 2598 1514 2638 occidentem
1530 2597 1693 2639 columi.u

170 2670 228 2709 Et
252 2671 335 2709 sine
362 2685 467 2719 casu,
499 2673 611 2711 Nm
643 2672 787 2711 Pseud.
819 2679 902 2719 199.
959 2674 1209 2713 “Hunccine
1239 2673 1306 2712 hic
1339 2674 1540 2712 hominem
1574 2672 1694 2712 colere

168 2744 250 2796 pati
272 2744 525 2795 juventutem
551 2746 763 2785 Atticam.”
1241 2758 1245 2761 ·
