1826 3164
163 267 248 316 viii
763 285 1099 318 PRAEFATlo.

163 402 346 468 primis
384 403 513 451 meis
560 402 825 451 laboribus
871 403 950 451 vel
1000 402 1273 451 minimum
1323 402 1521 453 fructus
1567 406 1678 455 lite·

161 507 333 541 rarum
362 499 598 540 amantes
627 490 942 557 acceperint.
1005 491 1065 539 In
1091 490 1274 540 horum
1304 491 1680 557 benignitatem

160 596 347 645 meque
369 579 723 644 Plautumque
740 579 1062 637 commende,
1081 578 1136 628 id
1153 587 1327 629 tamen
1347 579 1679 632 vehementer

158 670 463 736 deprecanti,
497 686 578 727 ne,
601 670 645 719 si
677 668 808 735 quid
829 685 927 734 ego
961 668 1308 727 destruxerim,
1339 671 1677 722 suavissimus

155 758 388 808 omnium
440 766 595 824 poeta
644 758 711 807 ob
765 758 974 823 culpam
1024 774 1192 807 meam
1248 759 1538 825 plectatur;
1585 762 1677 811 sed

154 848 537 914 qualiscunque
582 847 647 897 de
685 864 765 897 me
802 846 1123 896 literatorum
1162 848 1423 899 exstiterit
1467 860 1673 900 senten-

154 938 243 996 tia,
286 938 425 988 hunc
474 937 613 987 haud
660 937 831 987 secius
870 936 1235 986 benevolentia
1280 949 1673 1004 prosequantur,

153 1026 293 1076 hunc
329 1034 518 1082 ament,
555 1025 694 1074 hunc
730 1024 961 1083 laudent,
1000 1024 1141 1075 hunc
1176 1024 1300 1075 foris
1335 1026 1670 1085 admirentur,

152 1115 329 1165 colant
360 1114 517 1164 domi.

247 1295 403 1354 Quod
440 1294 483 1343 si
518 1293 585 1343 ad
620 1293 892 1343 reductum
924 1309 1092 1358 usque
1121 1293 1293 1343 adhuc
1329 1295 1668 1361 abditumque

148 1385 439 1452 purissimae
492 1382 790 1433 Latinitatis
842 1382 1037 1433 fontem
1089 1382 1435 1434 hauriendum
1479 1386 1667 1451 juven-

148 1484 311 1526 tutem
358 1482 587 1525 nostram
626 1473 838 1524 allicere
880 1473 962 1523 vel
1003 1474 1355 1540 pauxillulum
1399 1476 1666 1534 valuerim,

148 1582 317 1630 neque
348 1581 432 1613 me
463 1563 673 1630 operam
702 1579 910 1612 omnem
939 1562 1174 1612 oleumve
1200 1563 1488 1629 perdidisse
1513 1583 1664 1632 repu-

145 1655 296 1710 tabo:
330 1670 501 1719 neque
535 1652 673 1702 Preli
704 1651 1008 1702 Academici
1042 1650 1302 1717 Syndicos
1331 1652 1662 1705 liberalitatis

142 1761 249 1794 suae
280 1742 738 1808 indulgentiaeque,
772 1758 878 1807 qua
907 1741 1063 1807 hujus
1087 1741 1249 1791 libelli
1280 1744 1494 1793 tutelam
1525 1745 1576 1794 in
1604 1763 1659 1794 se

145 1833 483 1899 susceperint,
516 1832 728 1882 omnino
760 1830 978 1881 fortasse
1009 1831 1302 1897 poenitebit.

214 2017 368 2056 Dabam
395 2016 495 2054 Coll.
523 2015 674 2055 Christi
700 2014 867 2054 cantab.

320 2086 426 2125 Prid.
455 2085 626 2126 Kalend.
655 2085 750 2125 Mai.
777 2095 1066 2124 mcccxxxv.
