1864 3152
624 234 690 293 IN
726 251 1161 293 MENAECHMos.
1562 249 1646 304 167

205 394 293 427 ‘240-
362 383 444 431 Nil
491 384 787 445 morabitur]
865 389 1006 430 There
1054 388 1168 429 shall
1209 388 1257 428 be
1306 400 1362 428 no
1408 388 1509 427 time
1555 387 1648 427 lost.

136 469 291 507 Passive
311 478 555 521 usurpatum.
607 470 686 517 Sic,
701 471 946 522 (quanquam
963 470 1040 509 alio
1057 469 1205 520 senem)
1226 469 1323 507 Hor.
1343 468 1422 507 Sat.
1439 469 1495 507 11.
1514 481 1571 507 xv.
1589 474 1651 513 27.

132 543 211 581 “Si
240 543 339 582 dura
366 544 569 582 morabitur
594 545 742 583 alvus.”

206 660 293 693 241.
359 649 542 711 Proin]
611 654 855 709 Therefore·
921 659 980 697 Id.
1000 672 1067 710 qu.
1085 658 1256 711 proinde.
1310 660 1332 673 ”
1348 658 1426 697 Sed
1446 658 1649 697 Poeticum

132 744 173 774 et
201 737 282 775 fere
308 733 555 776 Comicum.“
608 737 727 775 FAcc.

205 863 293 896 242·
357 850 605 916 Numquid
629 853 699 900 vis
713 851 758 913 Ρ]
810 857 939 898 Have
961 869 1045 910 you
1068 869 1156 910 any
1170 855 1354 910 further
1375 856 1649 897 commands?

132 939 328 978 Abeuntis
345 939 502 978 locutio.
546 940 654 977 Infra
671 944 758 978 448.
794 939 982 978 Notabile
1000 938 1222 990 exemplum
1241 940 1403 990 praebet.
1439 939 1529 976 Ter.
1549 939 1650 976 Eun.

132 1013 187 1051 11.
208 1026 274 1051 111.
294 1019 354 1060 49.
409 1019 435 1036 “
447 1013 574 1065 Rogo,
594 1013 775 1066 numquid
791 1012 878 1051 velit
891 1013 912 1051 2
959 1013 1095 1058 Recte,
1115 1013 1259 1064 inquit.
1289 1012 1422 1051 Abeo.’'
1476 1013 1531 1051 Et
1551 1013 1648 1051 Hor.

132 1089 211 1127 Sat.
230 1090 262 1127 Ι.
282 1101 340 1127 11.
359 1089 395 1128 6.
441 1089 581 1127 “Cum
599 1095 868 1137 assectaretur,
890 1087 1085 1140 Numquid
1100 1088 1187 1126 vis?
1215 1090 1453 1138 occupa—'⁹
1509 1089 1651 1126 Noster

131 1165 287 1217 passim.
341 1164 534 1215 Exempla
551 1171 655 1210 sunt,
684 1163 776 1202 Aul.
794 1169 881 1209 219.
935 1162 1082 1200 Cistell.
1105 1168 1190 1206 117.
1245 1168 1268 1185 “
1282 1162 1478 1215 Numquid
1498 1176 1561 1201 me
1579 1163 1648 1209 vis,

131 1247 268 1284 mater,
288 1239 392 1277 intro
409 1238 507 1290 quin
530 1237 866 1277 eam?...L...Abi
885 1237 1000 1275 intro.
1022 1237 1070 1275 G.
1092 1236 1289 1289 Numquid
1305 1251 1368 1275 me
1387 1237 1445 1274 vis
1457 1238 1478 1275 ,9
1530 1238 1575 1275 L.
1596 1237 1652 1276 Ut

131 1314 297 1352 valeas-'³
348 1313 525 1352 Additur
547 1312 759 1364 aliquando
776 1312 895 1357 aliud,
911 1303 983 1350 'aut
1003 1311 1081 1349 tale
1106 1311 1214 1362 quid.
1230 1311 1350 1362 Epid.
1370 1317 1457 1351 503.
1493 1316 1517 1333 “
1530 1312 1650 1350 Num-

130 1388 224 1441 quid
240 1402 303 1427 me
322 1389 381 1427 vis
398 1388 587 1427 ceterum?
637 1387 682 1425 P.
701 1387 811 1425 Malo
829 1387 1004 1425 cruciatu
1023 1393 1068 1424 ut
1085 1399 1233 1437 pereas,
1254 1394 1372 1437 atque
1390 1386 1505 1424 abeas
1524 1387 1603 1425 cito
1616 1389 1649 1425 !”

133 1465 220 1503 Mil.
240 1464 327 1504 261.
381 1463 615 1516 “Numquid
632 1462 772 1502 aliud?
827 1462 871 1500 P.
900 1462 1012 1500 Intro
1030 1468 1075 1500 ut
1092 1462 1242 1500 abeas.’·
1285 1462 1343 1499 Ib.
1363 1467 1450 1506 573.
1493 1462 1649 1500 “Num-

130 1541 224 1593 quid
240 1553 347 1579 nunc
365 1539 470 1578 aliud
487 1553 550 1578 me
569 1539 654 1577 vis?
711 1538 755 1575 P.
777 1538 837 1576 Ne
854 1551 918 1575 me
935 1537 1126 1575 noveris.”

205 1655 293 1687 243.
358 1640 694 1702 Accumbere]
759 1651 995 1702 Supra142.
1049 1649 1154 1688 Vide
1181 1649 1221 1687 in
1250 1650 1363 1688 Nott.

205 1772 293 1805 244·
358 1758 598 1819 Volcani]
658 1765 861 1822 Theflre.
916 1770 1016 1808 Hor.
1037 1769 1118 1808 Sat.
1136 1769 1168 1807 1.
1189 1782 1228 1807 v.
1248 1775 1308 1813 74.
1343 1775 1368 1791 “
1382 1769 1459 1808 Per
1478 1778 1648 1810 veterem

131 1848 285 1899 dilapso
321 1847 491 1886 culinam
533 1847 735 1886 Vulcano.'’
805 1847 899 1887 Juv.
932 1847 1012 1887 Sat.
1041 1848 1135 1886 VH.
1172 1854 1233 1888 25.
1305 1852 1328 1870 “
1346 1849 1461 1887 Dona
1497 1849 1651 1888 Veneris

133 1921 329 1965 Marito;''
370 1922 460 1973 (pro
490 1921 571 1974 igni
601 1921 774 1974 impone.)
828 1923 880 1960 Et
912 1922 990 1961 Sat.
1019 1921 1070 1960 X.
1101 1928 1186 1962 132.
1241 1923 1432 1961 “Incude
1467 1931 1506 1962 et
1541 1924 1649 1964 luteo

138 1996 338 2035 Vulcano?
401 1996 547 2035 Noster
582 1996 730 2048 Amph.
771 2001 853 2036 188.
905 1995 1150 2034 “Volcanum
1186 1996 1227 2034 in
1260 2010 1380 2035 cornu
1420 1999 1648 2037 conclusum

132 2072 272 2122 geris.”
300 2070 355 2122 (Α
374 2071 555 2121 lantern.)
592 2070 684 2108 Aul.
696 2075 783 2110 313.
821 2070 1111 2122 “Quamquam
1131 2070 1292 2109 Volcano
1305 2071 1475 2111 studes.'’
1489 2086 1556 2123 qu.
1570 2074 1648 2111 vid.

206 2199 293 2239 249.
356 2187 659 2236 Meretricem
683 2183 967 2246 mulierem]
1030 2193 1136 2233 Vide
1155 2194 1283 2247 Supra
1305 2201 1388 2239 178-

205 2312 294 2346 251.
357 2300 489 2362 Qui]
539 2305 665 2346 How.
712 2308 843 2360 Supra
861 2313 922 2347 84.
960 2307 1223 2352 “Quidum?”
1251 2309 1400 2347 Passim
1421 2308 1527 2360 apud
1549 2309 1647 2347 Nos-

133 2395 251 2426 trum.
303 2387 422 2426 Adde
450 2386 551 2425 Hor.
581 2387 662 2426 Sat.
691 2387 722 2425 I.
741 2400 769 2425 1.
792 2393 825 2426 1.
886 2384 999 2429 “Qui
1025 2387 1082 2433 fit,
1111 2388 1359 2426 Maecenas?”
1386 2393 1426 2425 et
1452 2386 1569 2426 11.11.
1592 2393 1649 2432 19.

135 2467 161 2484 “
174 2463 290 2502 Unde
306 2470 436 2515 putas,
454 2469 524 2502 aut
548 2461 624 2505 Qui
641 2463 848 2514 partum?”
879 2462 984 2501 Pers.
1003 2461 1083 2501 Sat.
1104 2462 1136 2500 Ι.
1159 2461 1218 2501 56.
1273 2465 1299 2483 “
1312 2461 1388 2505 Qui
1405 2468 1498 2513 pote
1508 2463 1550 2500 ?”
1578 2464 1647 2500 &c.

207 2580 293 2613 255.
357 2570 571 2626 Quoiatis
614 2567 717 2629 sit.]
796 2570 944 2614 Whose
980 2573 1017 2614 it
1055 2573 1106 2613 2⁸8.
1190 2576 1267 2614 Pro
1305 2574 1479 2627 Cujatis;
1523 2575 1648 2614 Sensu

133 2656 311 2708 paullum
346 2657 599 2696 inusitatiore.
654 2658 767 2696 Curc.
799 2661 887 2695 410.
941 2655 1088 2704 “Quid
1123 2668 1215 2694 eum
1249 2666 1355 2693 nunc
1387 2654 1543 2705 quaeris,
1578 2661 1648 2692 aut

134 2729 359 2781 quoiatis?”
394 2730 542 2781 (whose
561 2731 690 2770 friend
709 2744 775 2770 are
796 2744 876 2783 you
887 2731 924 2781 ?)
977 2730 1087 2768 Alibi
1113 2728 1235 2781 Cujus
1253 2735 1323 2775 est,
1351 2729 1463 2780 cujus
1476 2727 1646 2780 patrioe?

134 2804 203 2854 (of
216 2805 320 2844 what
339 2808 556 2857 country?)
603 2807 659 2846 Ut
678 2806 856 2851 Nostros,
884 2805 949 2858 (of
960 2817 1033 2843 our
1052 2810 1220 2854 country
1234 2803 1264 2852 3)
1291 2811 1331 2840 et
1349 2802 1477 2840 simill.
