1864 3152
666 268 1098 309 MENAECHMEI.
1626 270 1688 310 81-

234 398 370 455 ‘Quid
398 398 481 446 ille
517 399 672 454 faciat,
708 416 769 447 ne
799 399 851 446 id
879 400 1104 453 observes,
1138 415 1231 462 quo
1261 407 1353 454 eat,
1380 399 1494 463 quid
1524 416 1680 448 rerum

432 490 566 545 gerat
578 484 602 529 ?

1605 488 1676 534 691

108 562 165 609 M
170 577 219 610 U.
240 564 317 612 At
333 565 459 612 enim
478 564 560 612 ille
577 563 689 612 hinc
707 573 835 612 amat
851 566 1142 613 meretricem
1160 581 1221 613 ex
1239 582 1544 629 proxuma...

1292 649 1377 697 SE.
1404 650 1528 698 Sane
1543 651 1681 714 sapit,

238 730 406 794 Atque
426 731 485 778 ob'
504 731 643 779 istam
666 731 948 779 industriam
969 732 1113 780 etiam
1135 731 1245 779 faxo
1265 734 1444 780 amabit
1464 733 1681 797 amplius.

108 811 221 859 Mu.
238 813 407 876 Atque
426 813 494 860 ibi
513 820 661 877 potat.

539 898 624 945 SE.
650 899 806 945 Tuan’
828 898 1017 961 quidem
1041 898 1123 946 ille
1144 915 1282 946 causa
1301 900 1489 962 potabit
1509 899 1682 953 minus,

239 980 290 1028 Si
318 981 431 1037 illic,
466 983 563 1030 sive
592 982 705 1029 alibi
733 982 952 1030 lubebit?
1009 982 1133 1039 Quae
1161 982 1274 1039 haec,
1307 983 1501 1038 malum,
1530 984 1685 1047 impu-

433 1064 596 1112 dentia
630 1074 701 1112 est
717 1067 739 1111 ἶ)

1607 1069 1683 1115 695

237 1147 355 1196 Una
378 1166 516 1213 opera
535 1149 795 1213 prohibere,
820 1149 880 1197 ad
900 1166 1077 1196 coenam
1097 1166 1157 1197 ne
1175 1150 1440 1213 promittat,
1462 1148 1685 1212 postules,

239 1230 374 1279 Neve
398 1250 678 1296 quemquam
709 1233 908 1296 accipiat
930 1232 1136 1279 alienum
1163 1232 1289 1296 apud
1320 1240 1383 1280 te.

434 1316 523 1363 tibi

238 1397 460 1446 Postulas
491 1400 613 1446 viros
628 1401 650 1446 ἶ)

1455 1232 1685 1280 Serviren'

722 1398 856 1446 Dare
890 1415 986 1446 una
1019 1415 1158 1462 opera
1188 1414 1387 1461 pensum
1422 1397 1646 1460 postules

239 1479 373 1528 Inter
402 1481 596 1529 ancillas
626 1481 785 1529 sedere
810 1482 991 1544 Jubeas‚
1026 1481 1183 1529 lanam
1215 1497 1383 1528 carere.

166 1620 190 1636 v.
207 1612 261 1637 691.
295 1613 352 1641 Ille,
363 1612 437 1643 prior
445 1612 505 1644 syn.
518 1613 613 1644 con-ip.
649 1613 697 1643 Ne,
708 1615 806 1644 etqua,
824 1619 880 1637 non
892 1612 1058 1644 liquent-mm
1073 1613 1159 1644 Supra
1168 1613 1326 1638 ae.—oe2.
1345 1612 1376 1637 B.
1391 1613 1412 1641 l,
1430 1613 1461 1637 B.
1474 1619 1498 1641 c,
1514 1619 1529 1637 ι
1540 1618 1688 1643 pros.—

102 1655 157 1679 Qm
176 1655 206 1679 B.
219 1662 242 1683 c,
267 1656 352 1685 Atque
370 1655 452 1680 etiam
471 1656 504 1680 ob
522 1655 629 1680 {satane
648 1655 823 1680 ind.—oe‡.
844 1655 946 1684 Ῥιιωΐ1
973 1655 1117 1686 monosyll.
1150 1656 1236 1687 Supra
1253 1656 1308 1680 560.
1341 1655 1426 1680 codd.
1454 1655 1541 1680 nostri
1563 1656 1689 1679 tua.—

101 1698 156 1720 1105.
175 1696 256 1720 Codd.
269 1696 352 1721 nostri
364 1696 418 1721 δίε·
430 1696 493 1725 illic,
510 1700 538 1721 et
550 1700 622 1721 recte
632 1696 739 1725 sorsum
757 1696 824 1727 (faie
833 1688 925 1728 rapi'de
938 1696 1124 1728 pronuntiato,
1141 1697 1215 1726 Ἠῶ.)
1244 1697 1346 1726 Haut,
1363 1697 1441 1722 ”Siv'
1457 1697 1522 1721 ιᾝίε.
1540 1696 1602 1728 Leg.
1637 1698 1688 1722 Seu

104 1739 167 1767 rme,
179 1737 238 1769 [seu
249 1739 396 1771 correpta]
407 1738 449 1763 vel
458 1738 484 1763 ,η’
495 1738 718 1766 messanum,
736 1738 767 1762 B.
781 1739 805 1767 l,
817 1739 923 1765 licebit.-
939 1738 970 1763 Β.
983 1746 1006 1768 e,
1018 1739 1232 1764 lababit—(m.
1251 1738 1282 1763 B.
1295 1746 1319 1768 c,
1331 1739 1580 1770 postulem—w.
1594 1739 1686 1770 Apud,

103 1781 179 1805 sltem
195 1781 214 1804 d
226 1780 288 1805 elid.
315 1781 402 1812 Supra
413 1782 449 1806 13.
482 1781 513 1805 Β.
527 1782 548 1810 l,
567 1780 597 1805 Β.
610 1788 634 1810 c,
652 1781 902 1806 Ser-virim—-ffln
925 1782 994 1810 Una,
1011 1787 1068 1806 non
1083 1781 1264 1807 elia—699.
1283 1781 1338 1806 Pro
1352 1787 1456 1810 carere,
1478 1782 1509 1806 B.
1522 1790 1546 1811 c,
1563 1788 1685 1813 carpere.

103 1830 138 1847 ex
154 1823 373 1855 interpretatione
387 1823 487 1849 formu.

156 1922 244 1969 692.
297 1923 447 1975 Enim]
485 1922 746 1971 Queribunda
763 1936 859 1961 voce

105 1987 278 2025 dictum:
307 1995 353 2026 ut
371 1987 499 2039 Supra
520 1986 605 2026 168.

156 2085 245 2131 693.
318 2085 376 2124 Ob
428 2086 539 2123 istam
589 2085 859 2136 industriam]

106 2149 213 2196 Quia
230 2149 348 2187 istam
371 2149 603 2187 industriam
627 2156 666 2187 et
690 2148 858 2199 diligen-

104 2211 199 2249 tiam
230 2211 392 2250 adhibes
421 2212 462 2250 in
494 2212 739 2250 observando
774 2212 859 2249 viro

105 2275 202 2325 quid
236 2288 368 2313 rerum
403 2283 526 2326 gerat.
578 2275 715 2313 an.
778 2275 859 2313 Sed

104 2338 195 2376 vide
229 2351 280 2376 ne
316 2339 366 2376 sit
396 2339 438 2376 id
474 2352 540 2390 qu.
571 2338 743 2376 formula
777 2338 859 2376 usi-

104 2401 305 2446 tatissima,
328 2400 383 2439 Ob
400 2401 639 2446 industriam,
660 2407 672 2423 ‘
684 2401 750 2439 On
762 2415 859 2453 pm·-

105 2479 221 2516 pose3
250 2466 313 2504 for
330 2479 426 2517 very
445 2466 571 2518 spite!
609 2465 713 2504 Vide
727 2466 856 2504 Glom.

106 2530 147 2566 in
165 2543 203 2567 v.
222 2536 284 2574 47.

160 2613 248 2660 696.
307 2614 393 2653 Una
410 2615 564 2667 operm]
602 2614 716 2652 ‘You
731 2614 861 2666 might

107 2690 149 2715 as
167 2677 279 2715 well-⁸
332 2678 461 2730 Supra
478 2678 566 2717 426.

159 2762 248 2817 697.
277 2772 467 2810 Serviren’
482 2772 679 2825 cibam]
695 2773 857 2811 ‘whau

109 2835 160 2872 do
189 2849 267 2885 you
293 2844 434 2886 expect
454 2850 552 2887 your
579 2836 770 2875 husbands
795 2850 861 2875 are

244 2911 257 2943 l
270 2912 283 2943 l

926 1930 969 1961 to
985 1923 1036 1961 be
1053 1937 1156 1974 your
1174 1924 1339 1963 slaves?
1371 1925 1408 1963 V
1405 1926 1496 1971 iros,
1516 1927 1580 1966 De
1597 1927 1688 1979 plu-

926 1986 998 2025 rali
1025 2000 1191 2025 numero
1218 1988 1275 2026 sic
1302 1990 1547 2028 stomachose
1575 2004 1688 2028 usur-

926 2057 1033 2101 pato,
1070 2050 1245 2090 diximus
1273 2052 1314 2090 in
1348 2067 1386 2090 v.
1414 2060 1504 2093 235.
1559 2054 1687 2092 Gloss.

927 2114 1075 2152 Confer
1106 2114 1225 2152 etiam
1257 2115 1367 2154 Infra
1400 2116 1523 2159 705-6
1534 2131 1547 2163 ;
1592 2117 1688 2155 Pal-

926 2177 1004 2216 Ιαέ.
1018 2207 1028 2215 .
1043 2178 1183 2216 ,ατο-ῖς.
1196 2208 1206 2215 .
1220 2208 1230 2215 .
1241 2179 1465 2218 meretrices.

978 2251 1066 2298 698.
1122 2252 1286 2291 Pensum
1323 2253 1455 2307 dara]
1507 2255 1611 2292 Vide
1645 2255 1687 2292 in

928 2315 1057 2353 Gloss.
1114 2315 1232 2354 Hanc
1255 2325 1389 2355 autem
1410 2331 1495 2356 esse
1516 2317 1687 2355 viliorum

926 2378 1156 2417 ancillarum
1206 2393 1382 2430 operam,
1434 2380 1595 2430 colligas
1639 2393 1687 2417 ex

926 2442 1063 2481 Now.
1091 2443 1215 2481 Merc.
1244 2449 1333 2489 890.

925 2518 947 2531 “
964 2516 1054 2548 Nihil
1068 2527 1147 2556 opus
1163 2516 1252 2547 nobis
1272 2517 1402 2568 ancilla,
1426 2516 1483 2547 nisi
1505 2527 1577 2555 quae
1590 2522 1688 2554 texat,

1001 2577 1075 2605 quae
1088 2567 1199 2604 molat,

967 2616 1102 2654 Lignum
1114 2618 1230 2651 caedat,
1249 2627 1373 2655 pensum
1383 2618 1500 2654 saciat,
1522 2616 1605 2647 aedes
1616 2627 1685 2648 ver-

1005 2671 1063 2703 rat,
1076 2665 1240 2704 vapulet.’'

928 2728 984 2766 Et
1003 2727 1107 2766 Ibid.
1127 2742 1163 2766 V.
1183 2732 1271 2766 408.

929 2804 951 2817 “
969 2802 1017 2833 Ea
1033 2803 1140 2839 molet,
1163 2809 1288 2840 coquet,
1309 2802 1443 2839 conficiet
1463 2813 1598 2841 pennum,
1616 2804 1686 2843 pin-

1006 2858 1091 2883 setur
1112 2851 1244 2889 flagro.’'
