1864 3152
642 241 710 282 IN
746 241 1199 284 AULULARIAM.
1590 246 1678 287 143

155 356 315 407 pieces.)
358 357 565 410 Propriam
581 366 715 398 autem
733 359 1058 411 significationem
1078 359 1147 398 dat
1166 359 1305 398 Isidor.
1342 359 1456 412 Orig.
1477 361 1567 400 Lib.
1588 363 1679 401 XX.

156 456 190 482 c.
209 449 245 482 2.
299 446 320 459 ”
338 444 576 483 Palmentum
605 453 770 485 vocatur
796 461 820 484 a
841 446 967 498 pulte,
993 447 1077 485 sive
1094 446 1201 485 enim
1219 446 1301 485 sola
1316 447 1453 499 pultis,
1480 447 1564 486 sive
1582 449 1681 499 quid

157 518 267 557 aliud
311 520 398 571 ejus
448 521 713 572 permixtione
764 529 955 567 sumatur,
1006 521 1237 573 pulmentum
1284 522 1445 574 proprie
1492 522 1681 562 dicitur.“

158 591 298 630 Paullo
326 593 439 632 aliter
466 595 569 632 Con.
594 595 672 633 ΜΒ.
725 596 747 610 ”
760 595 999 633 pulmentum
1023 601 1186 633 vooetur
1212 595 1406 646 quicquid
1429 596 1679 636 comedatur:

156 666 198 704 in
228 667 450 719 paropside,
482 668 591 720 quod
617 669 813 708 ferculum
841 669 1007 708 dieitur:
1039 675 1086 707 ut
1111 669 1342 720 pulmentum
1365 658 1562 716 fabarum.
1589 684 1681 710 oau-

156 743 267 788 lium,
296 752 337 783 et
360 728 491 782 simin.
553 745 634 783 Hic
665 752 795 797 potest
822 744 992 795 intelligi
1023 744 1075 782 de
1109 744 1311 795 aliquibus
1342 746 1552 793 intestinis,
1589 761 1680 799 quae

159 825 252 856 sunt
279 825 392 868 grata
422 817 596 856 miluis.“

239 973 307 981 —
380 942 616 1005 pridem]
678 951 810 1004 Supra
839 951 928 996 267.

238 1094 305 1102 —
380 1064 608 1126 Mili'los.]
679 1072 717 1113 A
751 1073 856 1114 kite.
924 1076 1085 1123 Milvus,
1107 1077 1172 1116 vel
1196 1077 1362 1120 miluum
1395 1077 1446 1116 de
1466 1077 1683 1129 posteriore

156 1167 181 1190 u
213 1154 255 1191 in
284 1167 307 1191 ο
338 1162 588 1200 commutata,
617 1155 721 1195 Vide
755 1156 865 1195 Men.
902 1157 1008 1195 Prol.
1034 1157 1098 1197 36.
1121 1157 1171 1195 G.
1204 1157 1318 1209 cujus
1345 1170 1504 1196 causam
1530 1158 1682 1209 profert

157 1227 319 1274 Quinct.
371 1227 470 1266 Inst.
487 1228 521 1266 1.
552 1241 642 1275 vn;
681 1229 840 1276 scilieet,
881 1243 932 1269 ne
961 1231 1179 1282 “subjecta
1214 1231 1289 1269 sibi
1321 1230 1467 1270 vocalis
1496 1231 1538 1269 in
1566 1245 1682 1269 unum

158 1315 286 1339 sonum
318 1302 535 1342 coalescere
562 1311 603 1342 et
633 1303 826 1342 confundi
852 1307 1020 1356 posset.”

226 1437 316 1475 272·
382 1428 675 1488 Praetorem.]
730 1436 843 1474 Infra
872 1436 961 1480 716.
1014 1435 1121 1474 Vide
1148 1435 1261 1474 Nott.

236 1591 305 1599 -
374 1557 750 1625 Plorabundus]
814 1570 846 1608 1.
866 1584 899 1609 e.
925 1569 1100 1622 plorans.
1152 1569 1256 1608 vide
1282 1569 1391 1607 Nott.
1414 1568 1530 1608 criu„
1558 1570 1684 1610 σεω-

158 1659 248 1684 rum
274 1646 369 1685 citat
395 1646 492 1686 cod.
512 1647 567 1685 H.
588 1647 624 1686 6.
654 1648 696 1685 in
722 1661 845 1699 marg.
893 1647 1000 1686 Non.
1029 1647 1153 1699 [Cap.
1171 1660 1213 1685 x.
1238 1648 1327 1700 37.]
1379 1647 1684 1700 '’Deplorabun-

159 1720 243 1766 dus,
281 1734 356 1772 pro
393 1721 610 1774 deplorans.
664 1722 793 1761 Plaut.
837 1723 974 1762 AuluJ.
1029 1729 1057 1745 “
1070 1724 1204 1762 Homo
1240 1723 1291 1761 ad
1330 1730 1543 1774 praetorem
1582 1723 1683 1762 veuit

158 1792 499 1845 deplorabundus.”
511 1801 538 1817 “

230 1924 320 1963 273.
389 1913 606 1972 Plomns,
641 1916 857 1980 ejulans]
931 1923 1059 1962 Gloss.
1091 1923 1189 1961 Cod.
1220 1923 1275 1961 H.
1302 1929 1338 1962 2.
1392 1924 1414 1937 ’¹
1430 1923 1480 1962 In
1513 1923 1685 1964 lacrimis

158 2001 339 2053 plorare;
369 2003 412 2040 in
443 2003 608 2041 vocibus
635 2004 826 2055 ejulare.“
878 2003 990 2042 Infra
1007 2003 1095 2042 684.
1120 2008 1208 2046 753.

231 2141 320 2179 274.
391 2129 659 2191 Vadarier]
730 2140 778 2177 In
801 2140 870 2192 jus
901 2141 1034 2186 citare,
1065 2141 1131 2179 die
1157 2141 1277 2180 dicto.
1330 2140 1467 2178 Lim.
1494 2139 1565 2191 qui
1587 2139 1684 2179 citat

159 2218 259 2257 Hor.
292 2218 375 2257 Sat.
406 2219 438 2256 1.
466 2232 496 2258 1.
526 2226 586 2259 11.
640 2225 667 2242 ‘³
678 2219 765 2265 Ille,
795 2219 899 2258 datis
912 2219 1099 2266 madibus,
1119 2220 1190 2271 qui
1207 2233 1301 2258 rure
1319 2226 1519 2258 extractus
1545 2219 1590 2257 in
1611 2231 1682 2258 nr-

158 2293 251 2330 bem
279 2293 375 2330 est.¹’
428 2291 561 2331 Gron:
594 2294 700 2332 Lect.
730 2293 862 2332 Plaut.
897 2308 937 2345 p.
966 2300 1030 2333 51.
1085 2293 1272 2332 ”Vadari
1293 2293 1469 2345 aliquem,
1493 2298 1554 2330 est
1579 2291 1684 2331 aeci-

158 2380 254 2418 pere
279 2367 330 2404 ab
356 2380 404 2405 eo
432 2366 564 2412 vades,
591 2366 631 2406 h.
649 2381 684 2406 e.
707 2367 958 2419 fidejussores
987 2369 1217 2421 locupleteS,
1247 2368 1317 2419 qui
1341 2374 1449 2406 certa
1473 2366 1683 2418 sponsione

159 2443 340 2494 pecuniae
368 2443 487 2488 illum,
515 2444 615 2482 unde
635 2443 851 2495 petebatur,
882 2445 1156 2483 vadimonium
1187 2443 1404 2489 obiturum,
1439 2456 1512 2482 seu
1540 2443 1585 2481 in
1613 2443 1683 2495 jus

162 2523 387 2561 venturum,
422 2515 617 2567 recipiant
647 2524 690 2555 et
716 2517 960 2568 promittant.
1022 2517 1111 2556 Liv.
1140 2516 1220 2554 111.
1254 2522 1312 2556 13.
1367 2522 1394 2539 “
1407 2516 1488 2554 Tot
1514 2515 1682 2555 vadibus

161 2596 365 2629 aecusator
390 2588 558 2627 vadatus
574 2595 629 2627 est
647 2602 751 2627 reum
757 2591 800 2632 ;''
831 2604 900 2642 qu.
926 2598 1000 2636 est,
1027 2597 1088 2629 tot
1109 2589 1359 2641 fidejussores
1376 2589 1428 2627 ab
1447 2602 1496 2628 eo
1514 2589 1680 2641 aceepit,

161 2661 204 2699 in
238 2662 307 2713 jus
347 2669 560 2701 venturum
598 2676 695 2702 esse.
766 2663 976 2702 Dabuntur
1014 2671 1147 2702 autem
1183 2663 1311 2709 vades,
1350 2676 1402 2702 ne
1450 2663 1493 2701 in
1526 2677 1681 2707 carcere

162 2739 421 2776 attinerentur
446 2752 572 2789 usque
602 2738 644 2776 in
672 2738 777 2776 diem
808 2738 961 2789 judicii.
1018 2739 1126 2777 Pers.
1156 2742 1244 2777 288.
1299 2738 1338 2776 S.
1368 2737 1581 2776 “Vadatur
1615 2738 1681 2776 hic
