1864 3152
640 248 707 291 IN
742 245 1181 290 MENAECHMOS.
1583 241 1670 285 189

222 395 310 435 495.
373 382 665 443 Acerrumi.]
723 386 860 428 Kaen.
915 388 1177 429 1nfestissimi.
1209 386 1293 426 cie.
1317 386 1402 425 Att.
1425 384 1497 423 1v.
1521 389 1557 424 3.
1583 383 1675 435 [cit.

150 472 191 509 in
213 472 320 508 Nott.
338 470 388 508 ad
407 484 443 508 v.
462 470 576 522 492]
629 475 657 493 “
668 468 869 521 Egregius
888 468 1157 513 Marcellinus,
1184 478 1311 505 omnes
1327 464 1471 503 acres?

223 583 312 630 496.
375 579 595 642 Corrupit
617 577 781 636 diem]
843 582 932 623 Cat
955 595 1019 635 up
1039 593 1109 633 my
1130 579 1228 632 day.
1284 581 1379 620 san.
1404 580 1491 619 cat.
1520 579 1677 618 XL111.

152 671 177 687 “
193 667 358 717 Magnas
402 665 716 718 opportunitates
760 664 1032 715 corrumpere?
1098 661 1206 699 Citat
1247 660 1395 698 Lan:
1443 659 1556 697 Asin.
1590 663 1679 702 273.

154 742 299 789 “Quin
326 755 402 793 ego
426 739 528 780 hanc
550 741 675 792 jubeo
700 747 843 785 tacere,
871 752 961 790 quae
987 738 1155 789 loquens
1181 736 1327 774 lacerat
1353 735 1449 774 diem
1462 735 1508 773 ‚9²²

226 852 313 891 497.
378 839 558 904 Meque
580 838 731 900 adeo]
787 842 890 883 And
911 855 977 883 me
999 845 1079 882 too.
1130 845 1234 884 vide
1250 844 1434 884 Prol.21.
1469 844 1578 882 Infra
1593 844 1683 887 728.

227 962 315 995 500·
378 950 563 1012 Eloco.]
617 959 738 997 Illico.
794 958 922 1010 Supra
949 963 1036 1004 359.

227 1071 316 1104 505.
379 1061 510 1109 Bene
534 1058 666 1120 sien]
723 1069 827 1108 Vide
855 1069 984 1121 Supra
1003 1074 1091 1114 387.
1139 1069 1267 1107 Gloss.

228 1175 317 1214 506.
382 1172 665 1232 Foenerato.]
729 1176 843 1216 With
886 1177 1079 1216 interest.
1157 1179 1268 1217 Asin.
1304 1177 1391 1223 876.
1445 1178 1686 1216 “Foenerato

156 1257 241 1295 haec
272 1257 465 1295 funditat:
502 1271 594 1295 nam
634 1257 666 1295 si
702 1257 864 1295 domum
900 1256 1063 1296 redierit
1094 1256 1225 1302 hodie,
1272 1255 1486 1294 osculando
1520 1255 1687 1293 ulciscar

159 1333 457 1383 potissumum.”
498 1332 588 1371 Ter.
607 1332 768 1370 Phorm.
787 1332 867 1370 111.
889 1345 936 1370 11.
957 1338 991 1371 8.
1032 1338 1057 1354 “
1071 1331 1309 1369 Foeneratum
1329 1331 1432 1369 istuc
1449 1331 1686 1383 benefiqium

157 1407 230 1446 tibi
265 1407 403 1458 pulcre
438 1407 579 1446 dices.'’
626 1407 693 1445 ubi
731 1407 909 1458 Interpp.
962 1407 1119 1445 ”Dices
1150 1406 1225 1444 hoc
1259 1406 1496 1444 beneficium
1524 1419 1549 1443 a
1576 1413 1617 1444 te
1646 1405 1686 1443 in

143 1482 298 1534 foenere
329 1482 489 1534 positum
524 1495 613 1520 esse.
668 1482 700 1519 F
702 1481 870 1520 ateberis
905 1488 945 1520 te
975 1495 1050 1532 pro
1079 1481 1155 1519 hoc
1182 1480 1375 1519 beneficio
1410 1480 1528 1531 longe
1558 1480 1689 1532 majus

158 1556 395 1607 accepisse.“
448 1557 501 1594 Et
518 1556 641 1594 citant
658 1556 740 1594 Cic.
757 1555 808 1594 de
826 1555 955 1594 Amic.
981 1569 1015 1594 c.
1033 1561 1069 1601 9.
1116 1554 1300 1606 “Neque
1317 1554 1555 1592 beneficium
1558 1555 1688 1606 foene-

160 1634 328 1671 ramur.”
381 1632 483 1671 Vide
500 1639 542 1671 et
558 1631 732 1683 Adelph.
752 1631 809 1669 11.
830 1644 878 1669 11.
898 1636 958 1670 10.
1012 1636 1039 1653 “
1050 1630 1116 1669 Ne
1133 1643 1215 1669 non
1231 1629 1565 1680 tibifoeneraret.''

244 1763 311 1771 —
384 1732 463 1779 Sic
495 1730 672 1792 datan]
740 1738 851 1776 Infra
879 1742 968 1777 530.
1022 1737 1197 1776 ”Sermo
1225 1737 1453 1788 castigantis
1484 1744 1524 1775 et
1551 1750 1690 1788 poenas

162 1819 408 1865 sumentis;“
435 1819 545 1856 Pin:
577 1818 644 1870 qui
675 1817 769 1857 citat
797 1817 942 1855 Pseud.
972 1821 1058 1855 150.
1113 1822 1139 1838 “
1150 1817 1271 1863 Hem,
1301 1817 1358 1854 sic
1384 1817 1512 1860 datur,
1543 1817 1577 1855 si
1600 1817 1692 1868 quis

162 1894 302 1932 herum
339 1907 477 1932 servus
512 1892 696 1945 spernit.”
755 1892 875 1930 Truc.
906 1896 994 1937 599.
1061 1896 1087 1912 “
1100 1891 1220 1936 Hem,
1265 1890 1322 1928 sic
1356 1891 1475 1928 datur
1485 1893 1503 1928 !
1511 1892 1534 1905 ''
1599 1892 1692 1930 Ter.

166 1969 312 2006 Phorm
331 1969 380 2006 V.
404 1982 499 2006 vul.
522 1973 585 2007 38.
610 1961 618 1967 ”
639 1967 745 2005 “Sic
771 1966 896 2004 dabo!
924 1965 1035 2018 (thus
1067 1965 1128 2003 I’ll
1153 1979 1232 2016 pay
1260 1964 1344 2002 him
1367 1965 1426 2003 off
1430 1966 1459 2016 !)
1483 1980 1558 2017 age
1583 1979 1694 2006 nunc

165 2044 444 2082 Phormionem
488 2043 558 2094 qui
604 2042 709 2081 volet
752 2041 930 2080 lacessito
942 2042 975 2079 !”
1027 2041 1135 2091 (now
1175 2040 1231 2078 let
1274 2053 1353 2092 any
1394 2054 1470 2079 one
1512 2043 1692 2093 provoke

168 2118 365 2163 Phormio,
391 2118 430 2156 if
450 2117 501 2156 he
528 2117 653 2169 dare.)
709 2116 827 2155 Adde
848 2116 965 2154 Nost.
991 2116 1101 2154 Poen.
1127 2120 1238 2154 1144.
1293 2121 1319 2138 “
1334 2115 1402 2154 Sic
1425 2116 1586 2154 dedero!
1614 2130 1694 2156 aere

165 2192 325 2230 militari
359 2192 527 2243 tetigero
567 2191 824 2230 lenunculum
837 2191 871 2227 !¹’
938 2189 1141 2236 Quidnam
1174 2196 1307 2228 autem
1343 2189 1395 2228 sit
1428 2204 1481 2228 oes
1515 2189 1693 2237 militare,

166 2267 281 2306 facile
307 2266 372 2305 vel
397 2279 446 2305 ex
471 2265 499 2303 J
502 2265 667 2304 uvenale
695 2265 774 2303 Sat.
803 2264 915 2302 XVI.
942 2263 1198 2315 intelligatur.

241 2376 330 2414 507.
395 2361 647 2429 Flagitia]
718 2367 998 2408 Enormities.
1079 2370 1170 2409 Hoc
1212 2371 1312 2415 loco,
1357 2371 1520 2422 proprio
1563 2384 1693 2417 sensu,

169 2453 343 2492 facinora
367 2453 524 2505 impura
549 2466 595 2491 ac
620 2451 830 2490 libidinosa
855 2450 1040 2502 raepicit3
1068 2442 1114 2489 ut
1141 2451 1253 2489 Infra
1278 2449 1367 2489 621.
1395 2464 1483 2501 sqq.

254 2581 322 2590 .-..
392 2550 627 2610 potesse]
684 2552 837 2600 P088e;
874 2556 987 2607 quasi
999 2562 1124 2608 potem
1141 2569 1232 2594 esse.
1287 2555 1417 2607 Supra
1434 2555 1521 2595 368.
1574 2555 1699 2595 Adde

175 2638 266 2675 Ter.
291 2637 394 2675 Eun.
422 2637 455 2675 1.
482 2649 530 2675 11.
560 2641 623 2675 33.
676 2636 856 2686 “Neque
883 2648 956 2686 per
988 2642 1144 2674 aetatem
1173 2633 1276 2686 potis
1304 2635 1424 2672 erat.’'
1476 2633 1534 2671 11.
1560 2646 1608 2672 11.
1631 2640 1696 2674 32.

175 2711 254 2750 “Si
280 2711 379 2762 potis
404 2713 495 2749 est?
549 2711 695 2749 Heaut.
725 2711 779 2748 11.
809 2723 856 2748 1¹.
883 2715 945 2749 80.
1000 2710 1183 2761 “Neque
1210 2709 1305 2747 ferri
1327 2709 1430 2761 potis
1454 2711 1528 2747 αἶ’
1554 2710 1627 2748 &c.

250 2822 335 2862 ⁵09.
401 2806 746 2874 Palpationes]
817 2818 922 2857 vide
952 2817 1065 2856 Nou.
1124 2817 1304 2868 palpare,
1341 2816 1469 2868 prima
1499 2817 1699 2868 signifia-
