1864 3152
649 254 716 296 IN
751 251 1190 295 MENAECHMOS.
1591 246 1676 291 169

147 384 306 423 sinam.”
361 384 398 434 (1
437 383 517 421 will
546 383 602 422 let
625 383 708 421 him
735 382 849 421 alone
859 397 870 427 3
904 382 1015 420 leave
1050 380 1132 418 him
1161 392 1206 418 as
1237 378 1282 416 he
1309 376 1374 427 is.)
1428 375 1508 420 Sic,
1544 375 1683 412 Graece

146 457 277 497 αὔτως.
334 458 454 496 Hom.
473 458 532 496 11..
554 457 589 496 1.
610 463 694 497 133.
743 455 911 507 “Ati‘rdp
937 455 991 502 ἔμ’
1013 446 1158 492 ἀὔτως
1186 452 1296 501 ἧσθαι
1320 450 1545 498 δευόμενον.”
1599 449 1683 500 (Sic

147 533 313 585 sedere.)
340 532 399 571 ῙῙ.
419 538 505 572 138.
554 530 703 579 “''Apm
733 531 772 570 δέ
793 531 904 585 ἔργον
932 529 1069 568 αὔτως
1094 527 1341 581 α’κράαντον.”
1395 525 1493 576 (Sic,
1524 531 1567 562 ut
1584 531 1680 569 erat,

145 610 436 662 imperfectum.
490 608 600 648 ‘Just
628 621 675 645 as
702 608 730 645 it
758 621 863 650 mas,·
893 620 945 645 no
971 618 1156 657 progress
1184 603 1305 653 being
1332 601 1490 652 made.’)

219 713 307 752 266.
372 707 582 756 Stet-nite
626 704 808 766 lectos]
893 708 1066 762 Spread
1121 707 1192 747 the
1243 706 1446 746 coverlets
1499 718 1556 745 on
1608 703 1678 743 tlze

146 791 337 832 couches.
389 796 542 846 Nempe
560 794 682 833 lectos
700 791 963 832 tricliniarios.
1010 790 1118 829 Hinc
1136 788 1282 828 Pseud.
1304 794 1389 834 159.
1431 786 1677 825 “Lectis-ter-

140 873 305 926 ληίαίον.υ
351 873 473 912 Stich.
506 872 594 912 636.
650 872 818 910 “Lectis
856 869 1072 909 sternendis
1107 867 1345 912 studuimus,
1393 865 1679 916 munditfisque

144 947 417 999 apparandis.”
469 947 558 985 AEn.
586 947 619 984 Ι.
648 951 736 991 700.
791 946 1039 996 “Stratoque
1066 956 1185 995 super
1212 942 1475 980 discumbitur
1502 943 1643 979 ostr0.’'

230 1076 298 1086 —-·
374 1046 624 1095 Incendite
670 1043 872 1105 odores.]
960 1048 1040 1089 Set
1077 1050 1170 1104 stre
1223 1051 1265 1087 to
1320 1046 1391 1087 the
1437 1045 1672 1099 petfumes.

147 1134 262 1172 Citat.
284 1134 430 1172 LAMB:
459 1133 542 1172 Cic.
557 1133 676 1172 Tusc.
697 1133 784 1171 Lib.
804 1145 870 1170 111.
910 1137 935 1153 “
948 1130 1200 1169 Fasciculum
1218 1128 1268 1167 ad
1286 1141 1399 1166 nares
1417 1127 1673 1165 admovebis?

145 1209 316 1247 incendes
342 1209 470 1247 odores
480 1208 526 1246 ‚W
579 1207 734 1246 Eodem
761 1207 934 1258 pertinet
964 1205 1235 1249 Homericum,
1263 1202 1327 1240 Ἐν
1351 1200 1504 1255 θαλάμῳ
1533 1200 1679 1241 ἐυώδεϊ

147 1282 341 1327 κηώεντι.
380 1282 442 1320 IL.
471 1282 548 1320 ῙῙῙ.
576 1287 664 1321 382.
717 1281 788 1319 ubi
815 1280 947 1319 Schol.
978 1278 1139 1324 κηώεντι,
1177 1276 1519 1329 τεθυμιασμὲνῳ.

220 1387 311 1430 267.
375 1380 663 1442 Munditia.]
726 1384 970 1430 Neatness,·
997 1383 1270 1423 cleanliness.
1317 1386 1352 1422 Λ
1372 1386 1543 1423 mundus.
1584 1385 1674 1423 Ple-

148 1479 318 1519 rumque
335 1468 377 1506 in
395 1468 539 1519 plurali
553 1483 564 1513 3
586 1476 631 1506 ut
644 1467 743 1505 Hor.
759 1467 837 1505 Od.
849 1466 938 1504 Lib.
951 1466 983 1502 Ι.
997 1479 1033 1502 v.
1046 1470 1081 1503 5.
1136 1464 1349 1515 “Simplex
1368 1465 1595 1503 munditiis.”
1609 1467 1678 1504 &c.

145 1543 295 1582 Noster
331 1542 456 1581 Stich.
482 1547 569 1587 708.
624 1546 649 1564 “
664 1541 799 1579 Nimio
831 1541 972 1578 mulier
1007 1539 1195 1578 meretrix
1221 1539 1370 1590 reperit
1401 1539 1537 1577 odium
1565 1540 1675 1579 ocius

146 1632 218 1657 sua
244 1617 496 1663 immunditia,
525 1631 645 1669 quam
671 1617 712 1655 in
739 1623 975 1669 perpetuom
1002 1622 1048 1653 ut
1073 1615 1226 1667 placeat
1252 1615 1433 1654 munditia
1461 1618 1565 1655 sua.”

229 1734 297 1742 —
370 1702 638 1763 Illeeebra]
674 1707 957 1749 Alturement.
990 1711 1102 1750 Asin.
1122 1716 1209 1750 204.
1257 1711 1451 1755 “laem”
1489 1712 1529 1765 (a
1555 1707 1675 1763 bam)

145 1793 195 1831 ab
214 1791 341 1831 illicio.
396 1791 487 1830 Hoc
506 1805 666 1843 quoque
684 1790 811 1842 magis
831 1791 1018 1829 usitatum
1035 1791 1179 1842 plurali
1197 1804 1387 1837 numero3
1407 1791 1545 1842 [Infra
1561 1791 1675 1844 286]

144 1869 186 1906 in
205 1868 395 1919 singulari
415 1881 509 1906 usus
527 1874 587 1905 est
604 1867 752 1905 Noster
770 1866 884 1904 Asin.
905 1871 989 1905 135.
1028 1872 1054 1889 “
1066 1867 1223 1910 Eccam,
1243 1866 1418 1908 illecebra
1436 1867 1553 1906 exit.’'
1591 1867 1673 1906 Cic.

148 1942 227 1981 Pro
255 1943 341 1981 Mil.
374 1942 432 1982 16.
489 1947 514 1964 “
528 1941 742 1980 Maximam
777 1939 990 1979 illecebram
1025 1941 1250 1992 peccandi.”
1303 1941 1383 1987 Sic,
1428 1941 1565 1980 delicia
1600 1956 1674 1994 pro

148 2017 304 2064 deliciae,
332 2017 451 2056 Truc.
479 2021 566 2056 882.

219 2110 310 2150 268.
373 2100 687 2162 Amoenitas.]
762 2107 1048 2161 Appearance
1090 2107 1144 2162 ⁰f
1173 2107 1365 2162 comfort.
1444 2112 1672 2151 Secundum

148 2194 324 2237 Festum,
351 2192 538 2231 '’Amoena
566 2191 651 2230 loca
679 2198 783 2236 sunt,
812 2205 902 2242 quae
929 2191 981 2228 ad
1005 2204 1046 2228 se
1071 2190 1235 2229 amanda
1263 2190 1475 2229 alliciant.“

219 2304 310 2343 270.
372 2292 520 2353 Usu.]
577 2296 723 2352 Prqfit.
786 2299 866 2337 Pro
884 2299 982 2338 usui.
1009 2300 1095 2338 AEn.
1115 2299 1194 2338 111.
1213 2306 1299 2340 541.
1355 2306 1380 2322 “
1394 2299 1519 2338 Curru
1538 2315 1670 2340 succe-

148 2382 239 2421 dere
250 2382 288 2428 ;”
317 2381 409 2432 (pro
427 2379 594 2430 currui.)
614 2380 684 2418 διο.
738 2378 948 2425 Caeterum,
968 2378 1041 2416 Est
1059 2378 1147 2417 usui
1165 2379 1270 2417 valet
1287 2379 1340 2416 id.
1360 2392 1427 2429 qu.
1465 2379 1570 2417 utilis
1587 2385 1653 2417 est.

231 2511 299 2519 -.
370 2479 534 2539 Item]
597 2482 907 2536 Accordingly3
939 2484 989 2523 in
1020 2487 1188 2524 return.
1254 2486 1345 2524 Aul.
1376 2485 1421 2524 P.
1439 2492 1501 2525 20.
1531 2486 1660 2525 Gloss.

220 2601 309 2640 271.
371 2589 548 2650 Ultra]
614 2593 862 2650 Willingly‚·
889 2593 1100 2634 unaslced.
1137 2597 1238 2636 H.e.
1255 2610 1335 2634 non
1352 2597 1519 2648 roganti,
1538 2610 1669 2648 neque

148 2677 311 2730 petenti.
366 2677 456 2716 Ter.
468 2676 592 2717 Andr.
607 2676 637 2714 I.
652 2689 680 2714 1.
693 2681 831 2720 72—4.
886 2682 912 2698 “
922 2676 1111 2715 Chremes
1125 2676 1224 2714 ultro
1237 2675 1288 2714 ad
1301 2689 1364 2714 me
1378 2675 1498 2721 venit,
1511 2676 1668 2715 unicam

147 2760 306 2805 gnatam
325 2765 433 2790 suam
453 2751 533 2790 filio
550 2764 714 2790 uxorem
732 2758 777 2789 ut
802 2751 946 2789 daret.''
1000 2750 1041 2802 (i.
1059 2765 1092 2789 e.
1120 2764 1211 2789 cum
1235 2763 1321 2789 eam
1332 2750 1445 2788 ‘haud
1462 2753 1667 2803 peterem.)

151 2828 252 2865 Eun.
268 2826 301 2863 Ι.
320 2839 344 2863 ι.
359 2831 395 2863 2.
425 2831 451 2847 “
465 2825 567 2863 Cum
582 2838 757 2864 accersor
771 2826 903 2864 ultro.”
931 2832 970 2862 et
982 2839 1017 2862 v.
1032 2830 1093 2863 24.
1124 2831 1148 2847 “
1161 2825 1219 2862 Te
1234 2825 1332 2861 ultro
1342 2825 1575 2864 accusabstl’
1594 2828 1663 2865 &cn

254 2903 302 2935 22
