1864 3152
602 241 669 282 IN
706 240 1154 285 AULULARIAM.
1552 239 1637 283 129

199 403 267 410 —
335 372 578 435 Adorna]
642 378 833 431 Prepare
850 394 864 424 ,·
884 381 960 430 get
979 377 1125 430 ready.
1197 378 1309 417 Para.
1351 377 1419 417 Sic
1448 378 1533 416 Cas.
1559 383 1647 417 310.

115 461 265 500 “Intro
284 461 363 506 abi,
392 474 502 507 uxor,
530 468 650 511 atque
674 459 823 498 adorna
853 458 1048 510 nuptias.”
1096 457 1213 510 Epid.
1232 463 1320 497 354.
1361 457 1442 495 “Is
1465 457 1645 503 adornat,

112 546 158 576 ut
184 536 351 575 maritus
372 537 476 576 fias.”
549 537 637 587 (He
662 536 696 574 is
719 535 886 586 making
911 534 1217 586 preparations.)
1246 533 1334 578 678.
1389 532 1649 584 “Tragulam

112 613 154 650 in
183 621 222 651 te
251 612 415 664 injicere
435 610 633 649 adornat.''
690 609 792 648 Rud.
819 614 883 653 47.
911 608 1112 659 “Quique
1140 607 1344 646 adornavit
1371 608 1460 655 sibi,
1484 607 1543 646 Ut
1562 620 1648 645 rem

114 688 292 726 divinam
321 687 481 741 faeiat-”-
528 685 590 724 Ib.
622 689 732 724 1108.
786 685 847 723 Ita
882 683 1026 722 Noster
1054 683 1177 734 Gray.
1234 682 1319 721 The
1346 682 1472 723 Bard.
1526 681 1651 720 “The

114 776 226 801 verse
254 762 375 800 adom
404 760 557 812 again-'⁹
613 759 725 798 Infra
753 764 841 803 741.
897 757 1152 795 “Exornatis
1181 756 1364 809 nuptiis.''

189 884 273 924 116.
342 877 583 926 Grandior
622 877 782 935 natu.]
857 877 1040 930 Gotting
1069 877 1151 918 old.
1215 881 1284 920 Sic
1310 881 1423 920 Infra
1449 886 1534 920 148.
1564 885 1650 925 171.

115 968 197 1006 Ubi
233 980 305 1019 per
343 979 384 1004 se
416 965 584 1019 grandis
618 964 695 1003 hoc
725 976 856 1007 sensu,
897 961 1043 999 omisso
1071 966 1179 1006 natu,
1223 961 1383 1012 legitur.
1437 961 1534 1000 Juv.
1571 960 1651 999 Sat.

114 1042 213 1080 VII.
247 1046 335 1080 210.
390 1040 520 1079 “Jam
542 1038 708 1091 grandis
732 1036 945 1075 Achilles.”
1001 1036 1149 1074 Contra
1172 1035 1348 1074 “Parva
1369 1041 1462 1073 natu
1477 1037 1514 1082 ;¹'
1544 1035 1651 1074 Pers.

116 1122 205 1161 349.

190 1259 254 1266 -
300 1233 435 1280 AEtas
454 1226 651 1289 media]
700 1237 856 1282 Itanos,
876 1236 910 1273 A
929 1234 1070 1273 middle
1080 1234 1181 1285 aged
1200 1246 1358 1271 woman.
1386 1233 1492 1272 Citat
1505 1233 1650 1273 LAuB:

118 1318 202 1357 Cic.
235 1318 300 1358 De
333 1318 486 1362 Senect.¹
517 1321 578 1355 48.
634 1322 661 1338 “
674 1316 777 1354 Sunt
803 1323 845 1354 et
872 1315 1047 1353 ineuntis
1078 1313 1354 1353 adolescentiae
1380 1321 1487 1352 certa
1510 1313 1654 1359 studia,

118 1405 215 1430 num
252 1405 298 1430 ea
320 1390 404 1442 jam
431 1397 614 1429 constans
638 1388 807 1440 requirit
833 1395 944 1432 aetas,
970 1401 1060 1438 quae
1087 1378 1235 1425 dicitur
1266 1386 1387 1429 media
1400 1385 1447 1423 θ’·

194 1518 278 1551 120.
343 1503 725 1571 Praegnantem.]
796 1514 881 1552 Alii
910 1517 1159 1565 praegnatem,
1183 1510 1292 1550 Vide
1318 1511 1433 1550 Nott.
1462 1510 1579 1549 Critt.
1616 1518 1657 1550 et

120 1595 283 1646 quidem
310 1594 431 1633 vett:
458 1605 657 1646 praegnas,
685 1591 774 1638 atis,
806 1592 1002 1631 dicebant.
1057 1590 1124 1629 Sic
1151 1589 1302 1641 Amph.
1334 1576 1447 1633 571(
1477 1595 1504 1612 “
1517 1589 1656 1640 Proeg-

122 1670 206 1709 nati
234 1677 392 1722 oportet
422 1669 473 1707 ad
498 1668 646 1707 malum
679 1667 830 1706 malum
865 1667 989 1705 dari.''
1051 1665 1144 1704 Ter.
1178 1665 1279 1704 Hec.
1308 1664 1385 1703 IV.
1415 1677 1473 1703 lv.
1504 1670 1565 1711 18,
1596 1671 1656 1711 19.

120 1747 191 1784 διο.
258 1744 460 1782 Caeterum
501 1742 694 1780 formatur
735 1753 814 1778 vox
852 1740 966 1792 quasi
1004 1751 1250 1791 proegenam,
1298 1752 1323 1776 a
1363 1752 1475 1790 geno,
1519 1739 1656 1790 gigno.

120 1819 278 1864 Differt‚
310 1818 367 1856 ait
392 1817 549 1862 Festus,
575 1830 599 1854 a
621 1814 816 1867 gravida.-
850 1814 959 1853 Nam
985 1813 1072 1852 haec
1098 1820 1173 1859 est,
1209 1814 1334 1864 ”quae
1354 1813 1439 1865 jam
1462 1819 1656 1866 gravatur

122 1899 339 1944 conceptu:
380 1903 608 1943 pungnam,
645 1889 756 1928 velut
790 1895 985 1941 occupata
1016 1887 1058 1927 in
1093 1887 1335 1938 generando,
1372 1887 1482 1941 quod
1516 1901 1656 1928 conce-

123 1967 267 2019 perit.“

211 2109 278 2117 —-
346 2076 391 2125 F
394 2076 610 2138 ottulfo]
655 2085 710 2124 H.
740 2086 766 2124 l.
806 2085 1106 2124 pronuntianda
1146 2093 1207 2124 est
1243 2086 1331 2125 haec
1372 2100 1451 2126 vox
1490 2087 1656 2139 penult:

123 2166 331 2218 producta,
375 2147 428 2202 ut*
453 2163 496 2201 in
526 2163 626 2202 Hor.
655 2163 734 2202 Od.
761 2164 817 2201 ΙΙ.
845 2175 916 2202 xv.
951 2169 1011 2207 17.
1085 2165 1213 2203 “Nec
1225 2164 1438 2216 fortuitum
1472 2178 1658 2216 spernere

122 2241 348 2293 cespitem?
402 2238 561 2276 Phaedr.
591 2236 689 2277 Fab.
718 2239 775 2278 11.
808 2252 863 2277 ιν.
895 2245 932 2278 4.
987 2244 1014 2262 “
1028 2240 1134 2278 Tum
1149 2239 1365 2291 fortuitum
1385 2240 1495 2279 Felis
1518 2248 1658 2280 contii-

122 2316 342 2357 bernium.”
361 2343 395 2352 ..
409 2344 419 2352 .
437 2314 581 2359 Aliter,
633 2315 745 2366 quasi
788 2314 996 2366 trisyllaba
1029 2315 1094 2361 sit,
1131 2329 1204 2367 per
1246 2304 1462 2367 synaeresin
1501 2315 1659 2354 duabus

125 2391 266 2430 mediis
310 2390 352 2428 in
394 2402 515 2428 unam
546 2389 738 2441 syllabam
775 2390 933 2436 coactis,
968 2390 1263 2442 pronuntianda
1303 2396 1381 2429 est:
1419 2390 1470 2428 E.
1487 2404 1527 2442 g.
1562 2392 1659 2430 Juv.

126 2465 250 2504 XIII.
286 2470 376 2504 225.
441 2469 467 2486 “
480 2464 573 2502 Non
603 2463 716 2515 quasi
730 2463 941 2516 fortuitus,
986 2477 1061 2503 nec
1102 2471 1315 2503 ventorum
1357 2463 1502 2503 rabie.”
1567 2463 1660 2503 Hoc

124 2538 176 2576 ab
207 2537 389 2588 analogia
412 2539 485 2575 τοῦ
511 2536 675 2582 Pituita,
707 2536 834 2589 [Hor.
864 2538 942 2590 Ep.
963 2538 994 2576 1.
1027 2551 1055 2576 1.
1086 2543 1172 2578 108.
1200 2538 1298 2590 δια]
1325 2539 1529 2590 probatur.

203 2659 289 2692 121.
357 2648 653 2708 Postumus]
709 2657 775 2696 Sic
805 2665 912 2697 recte
947 2658 1158 2704 scribitur3
1195 2671 1275 2696 non
1306 2657 1561 2709 posthumum
1597 2665 1659 2697 est

126 2735 235 2773 enim
259 2749 284 2772 a
305 2742 403 2788 post,
431 2735 550 2785 (non,
582 2746 629 2776 ut
659 2738 782 2788 vulgo
810 2739 971 2785 dicitur,
999 2745 1085 2791 poet
1112 2739 1303 2777 humatum
1330 2745 1482 2790 patrem
1512 2742 1660 2791 κάκῃ)

242 2812 286 2849 17
