1864 3152
570 276 636 317 IN
673 275 1131 318 AULULARIAM.
1539 274 1616 314 151

183 434 251 444 —
326 406 604 468 viciniam-J
668 414 745 452 Pro
780 414 932 454 vicinos.
988 413 1178 453 Similiter
1214 412 1346 464 Supra
1381 410 1464 451 163.
1521 411 1628 449 Pau-

99 499 249 546 pertate
267 506 342 546 pro
362 492 616 546 Pauperibus.
636 502 711 533 etc.
766 493 865 532 Hor.
888 493 971 533 Sat.
990 493 1047 532 11.
1065 505 1103 530 v.
1127 491 1210 532 106.
1264 497 1288 514 “
1304 491 1444 530 Funus
1468 490 1630 541 egregie

101 567 251 605 factum
286 566 420 606 laudet
454 567 631 606 vicinia.”
696 567 788 613 Pro,
835 567 951 606 vicini
987 566 1157 606 laudent.
1217 564 1349 616 Epist.
1376 563 1410 602 1.
1442 575 1529 601 xw.
1566 567 1628 602 44.

104 647 131 663 “
145 641 266 680 Videt
282 641 390 681 hunc
407 641 547 680 vicinia
564 644 682 681 tota?
716 642 778 681 Ib.
799 643 934 682 XVII.
953 642 1015 682 62.
1059 648 1085 666 “
1102 641 1139 680 V
1136 640 1253 680 icinia
1271 653 1390 679 rauca
1408 638 1630 678 reclamat.”

177 783 265 821 347.
330 771 567 835 Occidet]
624 777 712 819 I'm
736 793 763 818 a
791 777 903 819 dead
924 791 1041 818 man.
1100 780 1313 828 ἀπωλόμην.
1369 779 1434 819 Sic
1464 778 1632 818 “Perii-

103 859 238 895 nms!”
294 858 399 897 Men.
417 865 506 905 913.

177 981 265 1015 350·
328 970 702 1032 Thesaurarios]
749 980 770 994 ''
785 978 867 1026 Qui
885 978 1116 1017 thesaurum
1134 976 1389 1028 surripiant.“
1426 976 1533 1014 Con.
1554 974 1632 1012 Ms.

178 1111 266 1146 352.
331 1100 648 1167 Desquama]
708 1107 850 1148 Scale.
904 1109 1087 1148 Piscibus
1105 1121 1288 1160 squamas
1305 1107 1480 1146 detrahe.
1525 1106 1633 1144 Non.

105 1187 200 1238 Cap.
219 1187 276 1225 11.
294 1192 383 1227 202.
427 1189 450 1202 ”
462 1187 714 1241 Deequamat‚
734 1188 909 1240 squamis
926 1188 1130 1240 exspoliat.
1162 1187 1287 1225 Plaut-
1308 1186 1445 1225 Aulul.
1491 1185 1631 1223 “Dro-

106 1272 183 1306 m0,
207 1260 411 1312 desquama
429 1261 638 1313 pisoeis!¹“
690 1261 798 1301 citat
816 1262 977 1300 Gmssv:
1006 1261 1135 1299 Gloss.
1156 1260 1325 1299 Vuloen.
1371 1260 1632 1312 '’Desqwm,

103 1331 293 1385 ἑκλεπὶζυ.
347 1334 563 1382 Exdornw,
589 1335 820 1389 ἀπονητίζω.
875 1336 1036 1381 Eoeosw,
1063 1335 1314 1388 ἑξοστεΐζω.“

178 1463 266 1498 353.
331 1453 613 1520 Congrum-J
676 1461 849 1514 Conger
869 1462 944 1502 eel.
1002 1464 1189 1503 Graecum
1208 1464 1387 1503 verbum.
1442 1463 1527 1501 Mil.
1545 1468 1634 1508 754.

107 1545 134 1561 “
147 1539 302 1579 Probus
320 1540 385 1580 hic
402 1555 541 1594 conger
558 1542 764 1594 frigidus.”

189 1686 256 1696 —-
331 1656 642 1718 Muraenam.]
701 1662 927 1717 Lamprey.
985 1666 1119 1705 Etiam
1152 1667 1293 1706 Graeca
1329 1680 1430 1712 vox;
1467 1672 1508 1704 et
1542 1679 1634 1706 cum

109 1741 263 1793 Congro
290 1743 435 1781 iterum
466 1743 625 1794 legitur,
653 1743 760 1783 Pers.
786 1748 871 1784 110.
926 1748 951 1765 “
966 1744 1149 1783 Muroena
1176 1751 1217 1783 et
1239 1758 1380 1796 conger
1405 1758 1456 1783 ne
1482 1744 1633 1784 calefie-

107 1818 231 1856 rent.”
283 1817 390 1856 Vide
416 1818 489 1857 loc.
519 1818 666 1869 Amph.
691 1817 777 1863 166,
805 1818 845 1856 in
874 1832 958 1856 voc.
984 1831 1097 1871 prox.
1125 1818 1300 1857 citatum.

190 1971 258 1980 —
333 1939 607 2001 Exossata]
651 1946 815 1988 Boned.
858 1951 1027 1990 Ossibus
1045 1959 1241 2003 exempta.
1295 1950 1401 1989 Vide
1420 1950 1534 1989 Nott„
1571 1950 1640 1989 Sic

109 2026 256 2079 Amph.
278 2027 440 2073 165—7.
493 2027 760 2068 “Exossatum
787 2043 831 2068 os
855 2043 941 2069 esse
962 2038 1136 2083 oportet.
1150 2060 1160 2068 .
1175 2060 1184 2068 .
1219 2030 1286 2069 So.
1315 2030 1479 2076 Mirum,
1507 2030 1548 2069 ni
1571 2030 1638 2069 hic

107 2116 183 2149 me,
210 2103 323 2156 quasi
346 2117 567 2151 muroenam,
596 2117 772 2143 exossare
792 2106 950 2157 cogitat.
1005 2105 1123 2145 Ultro
1146 2106 1277 2144 istunc
1298 2105 1368 2157 qui
1391 2110 1540 2144 exossat
1565 2105 1635 2143 ho-

107 2177 267 2215 mines.”
320 2176 376 2215 Et
412 2177 557 2216 Pseud.
586 2177 675 2221 376.
730 2185 755 2201 “
771 2178 969 2218 Exossabo
1002 2193 1078 2231 ego
1113 2180 1236 2219 illunc
1271 2179 1451 2218 simulter
1484 2179 1636 2228 itidem,

110 2255 151 2287 ut
175 2264 383 2289 muroenam
405 2253 556 2290 cocus.''
613 2253 886 2304 Metaphorice
913 2253 1022 2293 Pers.
1051 2254 1130 2292 Sat.
1155 2254 1226 2292 VI.
1252 2259 1313 2294 52.
1370 2259 1396 2275 “
1409 2253 1501 2291 Non
1523 2253 1635 2299 adeo,

108 2326 254 2377 inquis,
274 2325 490 2364 Exossatus
506 2341 601 2379 ager
614 2327 732 2379 juxta
747 2330 842 2367 est-'⁹
860 2328 886 2366 i.
900 2342 934 2367 e.
954 2343 979 2368 a
995 2329 1195 2381 lapidibus
1213 2337 1420 2380 purgatus,
1438 2328 1637 2380 siquidem

110 2401 262 2453 lapides
289 2409 383 2440 sunt
408 2401 517 2440 velut
541 2414 630 2440 ossa
661 2410 787 2441 terrae.
844 2404 1056 2450 Caeterum,
1085 2403 1194 2455 quod
1222 2411 1357 2441 nostro
1380 2403 1467 2441 loco
1491 2402 1640 2442 habent

109 2474 245 2514 Codd:
271 2475 466 2521 nonnulli,
497 2483 538 2514 et
564 2476 698 2515 Editt:
729 2483 755 2499 “
765 2477 970 2523 exdorsua,
1001 2485 1196 2530 quantum
1223 2479 1373 2528 potes‚'’
1404 2476 1563 2515 videtur
1587 2490 1638 2516 ex

111 2550 241 2603 prima
261 2550 433 2589 auctoris
454 2564 571 2589 manu
590 2551 725 2597 fuisse,
753 2551 822 2591 sed
843 2552 884 2590 in
914 2553 1077 2592 alteram
1097 2552 1305 2591 lectionem
1329 2551 1435 2590 curis
1456 2550 1640 2590 secundis

111 2625 375 2664 immutatum.
430 2624 559 2676 [Vide
577 2623 689 2664 Infra
706 2624 794 2672 649.
825 2626 933 2666 Nott.
953 2626 1096 2678 Critt]
1152 2626 1241 2663 Non
1264 2624 1472 2665 celandum
1491 2631 1638 2670 autem,

112 2700 220 2750 quod
256 2701 310 2740 ita
347 2701 443 2741 citat
479 2701 648 2747 Nonius,
684 2702 780 2754 Cap.
806 2701 838 2741 1.
866 2701 930 2740 61.
982 2700 1281 2747 '’Exdorsuure,
1325 2701 1443 2739 dorso
1478 2700 1639 2740 nudare.

114 2776 241 2814 Plaut.
279 2777 414 2815 Aulul.
471 2784 495 2800 “
510 2778 587 2822 Tu,
636 2777 859 2822 Machaerio,
907 2779 1124 2826 Congrum,
1170 2789 1399 2821 muraenam,
1445 2776 1646 2820 exdorsua
