1864 3152
698 264 1135 306 MENAECHMEI.
1650 262 1710 317 73

257 396 425 444 Aliam
461 394 656 459 posthac
690 395 918 449 invenito,
962 410 1103 457 quam
1137 392 1310 441 habeas
1346 393 1621 442 frustratui!

127 479 239 527 ME.
256 478 417 527 Nimis
450 479 673 527 iracunde
704 478 859 526 hercle
893 478 1085 526 tandem
1105 475 1327 525 !-Heus
1363 485 1432 533 tu,
1463 478 1553 525 tibi
1590 478 1709 533 dico,

456 565 618 611 mane!

259 646 414 695 Redi!

355 728 455 776 ER.
475 726 641 776 Etiam
657 727 815 775 adstas
828 729 851 774 ἶ)
874 726 1041 774 Etiam
1058 726 1202 774 audes
1219 743 1324 774 mea
1336 728 1510 775 revorti
1524 709 1710 791 gratia?

129 813 242 860 ME.
258 812 405 861 Abiit
438 814 578 868 intro,
614 812 808 860 occlusit
841 812 977 860 aedes.
1049 809 1194 859 Nunc
1228 828 1316 876 ego
1350 829 1452 859 sum
1490 811 1713 859 exclusis-

459 912 648 944 sumus:
1636 897 1714 938 600

260 978 432 1042 Neque
455 979 598 1035 domi,
633 995 787 1042 neque
809 978 935 1042 apud
959 978 1173 1033 amicam,
1198 976 1319 1024 mihi
1336 979 1437 1039 jam
1462 978 1713 1041 quiequam

458 1063 680 1111 creditur.

263 1145 350 1194 Ibo
392 1154 440 1194 et
475 1145 715 1195 consulam
750 1145 873 1193 hanc
908 1162 1007 1193 rem
1046 1145 1232 1200 amicos,
1274 1143 1392 1207 quid
1438 1142 1715 1191 faciundum

460 1238 694 1279 censeant.

570 1464 742 1526 'Ac'lt
778 1485 858 1526 1v.
924 1483 1130 1526 SCENA
1166 1482 1244 1523 1v.

515 1615 621 1646 ΜΕΝ
623 1614 829 1646 AECHMUS
860 1612 1086 1646 SOSIGLES.
1132 1612 1169 1643 M
1174 1611 1331 1643 ULIER.

135 1717 248 1764 ΜΕ.
271 1716 317 1764 S.
350 1714 513 1763 Nimis
547 1714 693 1762 stulte
727 1713 909 1761 dudum
945 1711 1049 1767 feci,
1084 1728 1226 1775 quom
1261 1712 1552 1775 marsupium

266 1798 563 1847 Messenioni
598 1814 705 1845 cum
739 1805 935 1860 argento
970 1795 1263 1844 concredidi!

266 1883 509 1931 Immersit
543 1881 701 1945 aliquo
733 1898 846 1937 sese,
882 1880 1033 1936 credo,
1065 1881 1116 1927 in
1150 1896 1370 1944 ganeum.
1646 1885 1722 1924 605

195 2000 221 2017 v.
237 1993 292 2021 597.
325 1992 356 2017 B.
369 1999 392 2022 e,
403 1993 465 2023 poet
474 1991 679 2021 uana—Quam
689 1989 796 2019 habeas,
808 1989 846 2013 ita
857 1988 940 2013 codd.
952 1988 1046 2013 nostn'.
1058 1994 1150 2019 qum,
1163 1994 1221 2013 non
1232 1987 1364 2019 liquescit.
1393 1987 1451 2013 Bo:
1466 1994 1550 2019 quan
1561 1989 1593 2012 tu
1602 1988 1727 2013 hab.—

136 2036 192 2061 599.
211 2036 295 2060 Ram
329 2035 383 2060 Ειι
402 2034 504 2063 ΗΛιι,
522 2033 611 2063 ”Quae
627 2034 778 2063 sequuntur
796 2030 968 2055 Menaechmo
983 2030 1110 2055 videntur
1125 2029 1281 2058 tribuenda;
1302 2029 1455 2054 tollendum
1472 2029 1554 2061 igitur
1569 2029 1615 2055 hic
1630 2029 1682 2054 En.
1700 2032 1729 2054 et

135 2084 202 2102 ven.
225 2084 263 2108 sq.
281 2075 427 2101 inst-R
441 2076 463 2105 l,
482 2075 512 2099 B.
525 2082 551 2103 c,
569 2074 698 2099 Etiamne
712 2072 948 2098 addace—mo.
970 2071 1087 2096 ocolus-it
1102 2071 1192 2098 mdc&
1205 2074 1336 2109 gorrupte
1350 2070 1381 2095 in
1399 2070 1498 2096 nostris
1513 2071 1599 2095 Codd.
1618 2070 1724 2102 legimr.

134 2117 250 2142 ——oeL
269 2116 299 2141 Β.
312 2123 336 2146 c,
353 2116 392 2141 ad
407 2115 545 2141 micon,-
560 2120 650 2139 enooe
667 2112 758 2139 somn
775 2116 838 2138 ono
851 2119 887 2138 ex
902 2115 1041 2138 contincta
1056 2111 1145 2136 forma
1160 2115 1220 2133 ‘rov
1236 2111 1517 2142 oepuae—oeo-ffl
1535 2110 1625 2135 lamb.
1643 2110 1725 2136 Trim.

135 2160 251 2185 —oea
271 2158 369 2189 Nimis,
386 2157 451 2183 elin
466 2164 481 2183 ε
496 2157 583 2186 litera,
602 2156 721 2187 (Ninum
739 2155 932 2187 pronuntiand.
966 2154 1054 2185 Supra
1067 2161 1093 2177 v.
1105 2154 1129 2177 5.

189 2241 277 2281 597.
306 2234 468 2273 Habeas
465 2231 724 2286 srustratui]
750 2237 761 2253 ‘
775 2231 896 2269 Make
1016 2229 1104 2269 602.
1149 2227 1254 2271 Quid
1256 2228 1493 2281 faciundum
1511 2228 1727 2280 censeant]

135 2314 160 2338 a
176 2299 367 2351 mockery
386 2298 450 2336 of:
502 2297 632 2348 Supra
651 2301 739 2342 595.
766 2295 895 2333 Gloss.
963 2293 1006 2331 ‘1
1043 2293 1125 2331 will
1161 2307 1215 2344 go
1250 2293 1330 2331 and
1360 2293 1497 2332 advise
1529 2292 1628 2330 with
1658 2304 1729 2342 my

190 2378 279 2420 593,
339 2372 428 2411 Tibi
446 2371 569 2422 dica]
626 2371 755 2421 Supra
772 2374 862 2412 237,
962 2357 1115 2396 friends
1138 2370 1191 2395 on
1214 2356 1295 2395 this
1318 2364 1475 2403 matter,
1502 2356 1610 2394 what
1633 2354 1730 2406 they

189 2448 278 2488 600,
331 2444 680 2495 Exclusissumus.]
722 2449 734 2464 ς
747 2442 854 2480 Now
875 2441 896 2479 1
963 2420 1083 2459 think
1105 2421 1124 2458 1
1143 2420 1223 2458 had
1247 2421 1337 2459 best
1355 2420 1429 2458 do.'
1475 2419 1582 2458 Vide
1600 2419 1730 2457 Gloss.

137 2525 201 2550 am
244 2510 389 2550 indeed
432 2510 526 2549 shut
567 2510 661 2547 out:
716 2505 898 2545 Ridicule
966 2484 1043 2530 δῖε,
1064 2484 1213 2562 ΛΠΤΡῙΙ·
1232 2483 1321 2529 976.

140 2575 304 2614 dictum.
359 2575 516 2624 Nempe
540 2572 611 2624 qui
628 2583 702 2609 nec
720 2569 897 2613 domum,
1064 2557 1247 2613 ‘fTuesiam
1268 2557 1441 2593 advocabo,
1462 2561 1494 2586 ‘³¹
1514 2554 1676 2586 consulam

140 2650 271 2688 neque
291 2636 344 2676 ad
363 2636 542 2682 amicam,
572 2634 770 2674 admittar.
823 2632 900 2670 Est
1022 2608 1106 2646 de
1126 2608 1308 2639 faciundum
1329 2612 1467 2686 censeat.

141 2707 274 2739 autem
302 2699 594 2738 &mmmm
622 2711 699 2735 vox
726 2695 898 2741 Comica,
1020 2681 1109 2721 603·
1164 2680 1215 2718 M
1214 2678 1451 2731 arsupnlm·]
1497 2678 1627 2730 supra
1640 2684 1729 2724 295·

143 2770 189 2801 ut
214 2763 256 2801 in
281 2763 440 2802 Curcul.
471 2768 533 2810 15,
564 2760 898 2801 occlusissumum.
1018 2755 1108 2795 605.
1166 2754 1192 2792 I
1193 2752 1394 2804 mmersit]
1434 2752 1729 2804 Significatione

144 2825 248 2864 Vide
267 2825 404 2864 Aulul.
423 2830 510 2869 587.
547 2824 677 2862 Gloss.
967 2820 1167 2863 translata,
1198 2825 1242 2855 ut
1269 2817 1402 2868 Supra
1420 2821 1508 2856 353.

278 2901 327 2934 10
