1864 3152
135 247 194 293 62
701 249 765 291 Μ.
801 250 856 292 Α.
892 248 1136 292 PLAUTI

266 399 375 463 Ego
406 396 554 446 faxim
585 395 721 451 muli,
756 396 910 459 pretio
941 396 1023 459 qui
1056 404 1282 460 superant
1316 414 1472 461 equoS,

266 483 402 532 Sient
433 482 619 530 viliores
653 478 856 529 Gallicis
892 478 1163 528 cantheriis.

133 566 232 615 EU.
264 566 343 614 Ita
376 582 452 614 me
483 565 553 613 dii
588 564 832 619 amabunt,
873 570 931 611 ut
972 580 1059 627 ego
1093 562 1222 613 hunc
1255 565 1470 614 ausculto
1502 565 1698 615 lubens:

265 647 426 697 Nimis
456 647 614 712 lepide
647 646 762 695 fecit
796 647 936 695 verba
970 646 1028 694 ad
1063 647 1415 711 parcimoniam.
1636 661 1705 694 451

131 731 246 781 ΜΕ.
262 731 415 782 Nulla
447 731 599 796 igitur
631 730 787 779 dicat:
820 728 1061 794 Equidem
1099 729 1256 778 dotem
1294 730 1352 779 ad
1386 739 1436 780 te
1467 732 1611 780 attuli

264 817 501 881 Majorem
535 815 689 865 multo
724 832 863 880 quam
894 815 984 863 tibi
1020 822 1120 862 erat
1155 816 1383 879 pecunia:

262 901 413 949 Enim
466 898 585 947 mihi
640 898 831 963 quidem
890 914 1068 962 aequom
1134 906 1206 946 est
1262 915 1517 963 purpuram
1569 907 1711 964 atquc

458 997 626 1030 aurum
662 980 780 1036 dari,

260 1065 490 1122 Ancillas,
524 1064 693 1120 mulos,
727 1064 976 1120 muliones,
1011 1064 1326 1128 pedissequos,
1431 1115 1439 1123 ,
1637 1078 1711 1111 455

188 1225 213 1244 v.
225 1217 279 1243 440,
313 1216 396 1245 Sient,
425 1214 505 1247 Vulg.
528 1217 556 1239 et
576 1212 659 1239 codd.
676 1215 807 1245 etpotest
822 1216 959 1239 corinna-*te
974 1212 1034 1245 legi,
1061 1217 1107 1239 aut
1124 1213 1232 1238 viliora
1247 1220 1296 1245 pm
1312 1214 1405 1246 tri-yn.
1424 1214 1643 1241 habat—430.
1663 1216 1712 1240 Dis

126 1267 168 1288 ne
181 1267 236 1287 aas.
255 1259 285 1285 B.
299 1260 320 1284 1.
341 1258 375 1284 fl.
388 1257 528 1283 ⁶.--—⁴⁵⁶.
549 1256 728 1288 Ροιίὺεαιιιω,
746 1255 790 1281 lta
803 1256 877 1287 apud
892 1255 1032 1287 plerosque
1047 1255 1178 1280 ambitur.
1214 1255 1247 1280 Η.
1263 1257 1283 1280 Ι.
1296 1258 1319 1281 4.
1336 1257 1515 1289 pausamus.
1535 1262 1573 1287 (et
1589 1259 1627 1283 ln
1638 1257 1672 1283 R.
1685 1259 1708 1283 2.

126 1303 173 1331 aed
188 1303 240 1329 litt.
257 1309 274 1328 ο
287 1300 469 1334 mpencript.)
487 1298 522 1324 Β.
535 1299 558 1324 ὁ.
575 1300 604 1324 et
619 1297 650 1323 B·
662 1305 687 1323 ι.
702 1298 843 1330 pedisecos.
877 1297 1011 1323 Caeoenun
1027 1298 1158 1323 muliones
1174 1298 1336 1329 umnam«.-
1352 1299 1543 1331 pronunti-ad.

178 1437 267 1473 448.
322 1429 407 1482 Ego
409 1425 547 1480 faxim
565 1423 657 1463 muli
675 1423 776 1475 etc.]
796 1423 887 1474 Ego

124 1495 342 1550 receperim
359 1494 402 1532 in
418 1505 496 1538 me,
515 1503 598 1537 seu,
617 1502 694 1540 ego
712 1500 883 1540 spopon-

124 1563 264 1609 derim,
309 1560 395 1598 fore
431 1564 477 1595 ut
516 1554 616 1593 muli
663 1553 733 1605 qui
777 1565 886 1591 nunc

124 1637 248 1677 equos
280 1620 411 1674 pretio
441 1622 642 1669 superant,
674 1620 886 1666 propterea

125 1688 234 1743 quod
265 1698 409 1726 uxores
437 1683 594 1729 dotatae,
627 1686 883 1731 sumptuosa»,

124 1761 165 1794 et
199 1750 377 1791 delicatae
411 1745 573 1800 pilentis
609 1751 650 1783 et
687 1742 882 1781 similibus

123 1813 317 1856 vehiculis
335 1810 426 1851 vehi
445 1809 597 1853 volunt,
610 1820 700 1858 quae
714 1820 737 1844 a
750 1805 881 1851 mulis,

124 1893 194 1920 seu
228 1876 427 1919 mulabus,
463 1871 690 1915 trahuntur,
745 1868 883 1920 [Infra

122 1939 318 1992 455—6.]
335 1937 494 1976 viliores
512 1934 592 1973 sint
610 1932 773 1972 Gallicis
791 1945 881 1970 can-

121 2003 271 2046 theriis.
326 2001 463 2040 Lam.

175 2085 264 2126 449.
319 2076 408 2116 Sint
428 2073 619 2126 viliores]
674 2071 810 2111 ‘Shall
832 2071 884 2111 be

122 2142 314 2195 cheaper;
359 2139 407 2177 of
444 2138 521 2177 less
568 2136 706 2175 value!
780 2133 883 2172 Muli

122 2216 216 2251 sunt
244 2207 287 2247 in
318 2218 464 2257 magno
499 2202 628 2256 pretio
662 2202 704 2240 in
736 2200 883 2253 quibus

120 2271 301 2325 equitant
334 2267 520 2307 mulieres
532 2280 544 2312 ς
581 2263 650 2304 sed
679 2263 711 2302 si
748 2275 883 2301 omnes

121 2333 307 2374 mulieres
324 2329 512 2369 indotatae
525 2334 668 2373 essent,
688 2339 764 2377 ego
777 2325 881 2364 face-

120 2409 206 2435 rem
235 2391 345 2446 quod
379 2390 479 2429 muli
515 2389 656 2428 fierent
687 2386 879 2425 vilissimi.

121 2458 227 2497 Con.
248 2456 327 2495 Ma.
346 2455 545 2493 Caeterum
559 2450 741 2503 inpretio
759 2449 880 2487 fuisse

121 2521 250 2561 mulos
282 2518 347 2558 vel
383 2517 426 2556 in
457 2526 636 2568 tempore
671 2513 698 2552 J
702 2511 879 2553 uvenalis

119 2591 287 2638 apparet
310 2595 360 2622 ex
392 2579 520 2633 ejusd.
548 2579 627 2619 Sat.
654 2577 754 2617 vn.
779 2582 846 2617 181
866 2593 877 2624 ;

121 2647 190 2687 ubi
219 2646 269 2685 de
315 2643 440 2683 divite
468 2642 673 2694 nobilique
702 2641 878 2680 Romano

119 2722 248 2749 sermo
265 2715 335 2748 est.

172 2812 224 2821 -
282 2786 446 2826 Gallicis
478 2784 725 2837 cantheriis]
768 2783 873 2835 Equi

953 1423 1094 1462 Gallici
1142 1422 1251 1461 haud
1296 1423 1430 1474 magni
1468 1430 1554 1462 tum
1592 1425 1710 1476 pretii

950 1495 1063 1527 erant
1077 1502 1086 1525 :
1101 1487 1228 1526 multo
1247 1486 1372 1538 igitur
1390 1486 1549 1527 viliores
1559 1487 1713 1526 canthe-

952 1548 1014 1587 rii.
1068 1548 1176 1587 Nam
1194 1548 1289 1600 equi
1316 1561 1472 1600 semper
1500 1549 1712 1588 cantheriis

952 1619 1046 1650 sunt
1080 1611 1273 1656 meliores,
1313 1611 1579 1658 animosiores,
1608 1612 1711 1651 fero-

951 1675 1086 1714 ciores.
1143 1675 1278 1714 Lanu.
1333 1674 1440 1714 Vide
1460 1675 1589 1714 Gloss.

1002 1756 1090 1790 452.
1146 1749 1331 1803 Equidem
1361 1750 1480 1789 dotem
1507 1751 1562 1789 ad
1589 1756 1626 1789 te
1649 1757 1707 1790 al·

950 1813 1060 1867 tuli]
1102 1814 1204 1853 Vide
1225 1814 1364 1854 Horat.
1383 1815 1448 1853 cit.
1479 1814 1609 1867 Supra
1626 1820 1710 1854 125.

1002 1902 1089 1936 454.
1145 1896 1297 1949 Enim]
1337 1897 1540 1949 Emptum,
1560 1906 1601 1937 et
1618 1912 1709 1937 cum

950 1973 1105 1998 summa
1121 1959 1356 2010 arrogantia,
1374 1959 1572 2011 positum;
1597 1961 1709 2011 quasi

950 2023 1068 2070 dicat,
1089 2023 1189 2062 “Da
1206 2023 1316 2071 mihi,
1335 2023 1515 2075 (aequum
1535 2024 1632 2062 enim
1651 2033 1711 2064 est

950 2086 1048 2132 dari,
1077 2086 1228 2138 quippe
1259 2086 1322 2125 cui
1346 2094 1502 2125 tantum
1529 2086 1709 2138 debeas‚)

950 2150 1123 2196 ancillas,
1172 2150 1313 2195 mulos,
1362 2152 1460 2189 etc.n
1510 2150 1710 2189 Caeterum

951 2214 1086 2253 confer
1106 2214 1214 2251 Men.
1233 2219 1294 2252 44.
1314 2227 1372 2265 sq.

950 2301 971 2315 “
988 2299 1123 2336 Quando
1136 2308 1194 2336 ego
1206 2297 1263 2329 tibi
1277 2298 1418 2335 ancillas,
1440 2307 1569 2338 penum.
1592 2297 1708 2334 lan-m.

1026 2361 1150 2385 nurum.
1173 2353 1300 2386 vestem,
1317 2359 1499 2388 purpurea,

983 2398 1068 2430 nene
1082 2398 1219 2437 praebeo.
1240 2407 1297 2429 nec
1309 2397 1478 2437 quicqum
1491 2396 1594 2435 egea?

947 2477 1106 2515 Aurum
1124 2484 1244 2528 atque
1262 2487 1482 2527 purpuram
1506 2474 1708 2527 praecipue

947 2540 987 2578 in
1007 2540 1158 2579 deliciis
1177 2540 1299 2579 fuisse
1317 2538 1528 2578 mulierum
1543 2547 1707 2591 apparet

948 2618 1108 2658 quoque
1126 2618 1172 2644 ex
1194 2604 1303 2643 Nost.
1327 2603 1497 2643 Mostell.
1516 2610 1605 2651 279.
1620 2618 1706 2656 sqq.

950 2670 1058 2709 Infra
1077 2675 1164 2713 705.
1220 2667 1319 2708 Hor.
1341 2669 1422 2708 Sat.
1443 2669 1497 2708 11.
1529 2682 1596 2708 ιιι.
1615 2674 1704 2709 215.

945 2754 964 2765 ··
986 2747 1067 2779 lluic
1096 2754 1226 2783 vestem.
1254 2754 1288 2779 ιιι
1317 2755 1407 2781 natac.
1449 2754 1534 2786 pan-1
1562 2746 1704 2782 ancillas.

1023 2804 1108 2836 pan-1
1129 2797 1278 2827 nurum.''

1853 2527 1864 2542 ζ’

1843 2918 1864 2932 „

1841 2977 1847 2982 “
