<?xml version="1.0" encoding="UTF-8"?>
<!DOCTYPE html PUBLIC "-//W3C//DTD XHTML 1.0 Transitional//EN"
    "http://www.w3.org/TR/xhtml1/DTD/xhtml1-transitional.dtd">
<html xmlns="http://www.w3.org/1999/xhtml" xml:lang="en" lang="en">
 <head>
  <title>
</title>
<meta http-equiv="Content-Type" content="text/html;charset=utf-8" />
  <meta name='ocr-system' content='tesseract 3.04.00' />
  <meta name='ocr-capabilities' content='ocr_page ocr_carea ocr_par ocr_line ocrx_word'/>
</head>
<body>
  <div class='ocr_page' id='page_1' title='image "./captivitrinummus00plauuoft_0451.png"; bbox 0 0 1864 3152; ppageno 0'>
   <div class='ocr_carea' id='block_1_1' title="bbox 635 268 1662 322">
    <p class='ocr_par' dir='ltr' id='par_1_1' title="bbox 635 268 1662 322">
     <span class='ocr_line' id='line_1_1' title="bbox 635 268 1662 322; baseline 0.005 -13"><span class='ocrx_word' id='word_1_1' title='bbox 635 268 701 310; x_wconf 88' lang='lat' dir='ltr'>IN</span> <span class='ocrx_word' id='word_1_2' title='bbox 734 268 1179 311; x_wconf 79' lang='lat' dir='ltr'>AULULARIAM.</span> <span class='ocrx_word' id='word_1_3' title='bbox 1569 270 1662 322; x_wconf 82' lang='lat'>179&#39;</span> 
     </span>
    </p>
   </div>
   <div class='ocr_carea' id='block_1_2' title="bbox 139 400 1660 914">
    <p class='ocr_par' dir='ltr' id='par_1_2' title="bbox 139 400 1660 914">
     <span class='ocr_line' id='line_1_2' title="bbox 228 400 1657 461; baseline -0.001 -12"><span class='ocrx_word' id='word_1_4' title='bbox 228 430 294 437; x_wconf 95' lang='grc'>--</span> <span class='ocrx_word' id='word_1_5' title='bbox 373 400 605 461; x_wconf 61' lang='lat' dir='ltr'>Faciam]</span> <span class='ocrx_word' id='word_1_6' title='bbox 676 409 822 448; x_wconf 81' lang='lat' dir='ltr'>Facere</span> <span class='ocrx_word' id='word_1_7' title='bbox 862 410 936 448; x_wconf 88' lang='lat' dir='ltr'>hoc</span> <span class='ocrx_word' id='word_1_8' title='bbox 973 422 1090 448; x_wconf 84' lang='lat' dir='ltr'>sensu</span> <span class='ocrx_word' id='word_1_9' title='bbox 1126 407 1231 447; x_wconf 71' lang='lat' dir='ltr'>v&#39;tlet</span> <span class='ocrx_word' id='word_1_10' title='bbox 1270 407 1324 446; x_wconf 67' lang='lat' dir='ltr'>id.</span> <span class='ocrx_word' id='word_1_11' title='bbox 1361 421 1427 460; x_wconf 86' lang='lat' dir='ltr'>qu.</span> <span class='ocrx_word' id='word_1_12' title='bbox 1473 408 1657 447; x_wconf 70' lang='lat' dir='ltr'>Graecum</span> 
     </span>
     <span class='ocr_line' id='line_1_3' title="bbox 141 487 1660 544; baseline -0.003 -14"><span class='ocrx_word' id='word_1_13' title='bbox 141 489 259 542; x_wconf 74' lang='grc' dir='ltr'><strong>ῥέξαι.</strong></span> <span class='ocrx_word' id='word_1_14' title='bbox 314 491 434 529; x_wconf 83' lang='lat' dir='ltr'>Hom.</span> <span class='ocrx_word' id='word_1_15' title='bbox 464 491 510 531; x_wconf 80' lang='grc' dir='ltr'>Π.</span> <span class='ocrx_word' id='word_1_16' title='bbox 536 491 572 529; x_wconf 84' lang='lat'>1.</span> <span class='ocrx_word' id='word_1_17' title='bbox 602 494 687 534; x_wconf 74' lang='lat'>147.</span> <span class='ocrx_word' id='word_1_18' title='bbox 726 498 751 514; x_wconf 91' lang='lat'><strong><em>“</em></strong></span> <span class='ocrx_word' id='word_1_19' title='bbox 762 490 858 543; x_wconf 74' lang='grc' dir='ltr'>Ἱερᾰ</span> <span class='ocrx_word' id='word_1_20' title='bbox 882 491 1031 544; x_wconf 61' lang='grc' dir='ltr'>ῥέξας.”</span> <span class='ocrx_word' id='word_1_21' title='bbox 1060 490 1163 529; x_wconf 78' lang='lat' dir='ltr'>Ibid-</span> <span class='ocrx_word' id='word_1_22' title='bbox 1183 495 1273 529; x_wconf 85' lang='grc'>315.</span> <span class='ocrx_word' id='word_1_23' title='bbox 1292 496 1332 528; x_wconf 78' lang='lat' dir='ltr'>et</span> <span class='ocrx_word' id='word_1_24' title='bbox 1358 494 1445 529; x_wconf 72' lang='lat'>444.</span> <span class='ocrx_word' id='word_1_25' title='bbox 1510 487 1660 541; x_wconf 61' lang='lat' dir='ltr'>“‘Iepn&#39;u</span> 
     </span>
     <span class='ocr_line' id='line_1_4' title="bbox 140 561 1654 617; baseline -0.002 -15"><span class='ocrx_word' id='word_1_26' title='bbox 140 564 357 614; x_wconf 76' lang='grc' dir='ltr'><strong><em>ἑκατόμβην</em></strong></span> <span class='ocrx_word' id='word_1_27' title='bbox 390 564 517 617; x_wconf 71' lang='grc' dir='ltr'>ῥέξαι</span> <span class='ocrx_word' id='word_1_28' title='bbox 543 563 632 617; x_wconf 72' lang='grc' dir='ltr'>ὖπὲρ</span> <span class='ocrx_word' id='word_1_29' title='bbox 660 566 854 602; x_wconf 69' lang='grc' dir='ltr'><strong>Δαναὸν.”</strong></span> <span class='ocrx_word' id='word_1_30' title='bbox 880 572 954 603; x_wconf 81' lang='lat' dir='ltr'>etc.</span> <span class='ocrx_word' id='word_1_31' title='bbox 1008 564 1109 601; x_wconf 88' lang='lat' dir='ltr'>Non.</span> <span class='ocrx_word' id='word_1_32' title='bbox 1137 577 1169 602; x_wconf 81' lang='lat' dir='ltr'>c.</span> <span class='ocrx_word' id='word_1_33' title='bbox 1205 562 1276 601; x_wconf 87' lang='lat' dir='ltr'>IV.</span> <span class='ocrx_word' id='word_1_34' title='bbox 1311 568 1400 606; x_wconf 83' lang='lat'>217.</span> <span class='ocrx_word' id='word_1_35' title='bbox 1465 564 1487 576; x_wconf 86' lang='grc'>”</span> <span class='ocrx_word' id='word_1_36' title='bbox 1499 561 1654 606; x_wconf 83' lang='lat' dir='ltr'>Facere,</span> 
     </span>
     <span class='ocr_line' id='line_1_5' title="bbox 142 637 1653 690; baseline -0.002 -13"><span class='ocrx_word' id='word_1_37' title='bbox 142 653 225 678; x_wconf 85' lang='lat' dir='ltr'>rem</span> <span class='ocrx_word' id='word_1_38' title='bbox 257 640 430 678; x_wconf 78' lang='lat' dir='ltr'>divinam</span> <span class='ocrx_word' id='word_1_39' title='bbox 466 639 722 690; x_wconf 81' lang='lat' dir='ltr'>religionibus</span> <span class='ocrx_word' id='word_1_40' title='bbox 751 639 935 678; x_wconf 82' lang='lat' dir='ltr'>exhibere</span> <span class='ocrx_word' id='word_1_41' title='bbox 947 645 990 685; x_wconf 89' lang='lat'>;“</span> <span class='ocrx_word' id='word_1_42' title='bbox 1025 639 1143 677; x_wconf 80' lang='lat' dir='ltr'>citato</span> <span class='ocrx_word' id='word_1_43' title='bbox 1172 645 1307 676; x_wconf 80' lang='lat' dir='ltr'>nostro</span> <span class='ocrx_word' id='word_1_44' title='bbox 1339 638 1438 683; x_wconf 91' lang='lat' dir='ltr'>loco,</span> <span class='ocrx_word' id='word_1_45' title='bbox 1470 645 1509 676; x_wconf 89' lang='lat' dir='ltr'>et</span> <span class='ocrx_word' id='word_1_46' title='bbox 1540 637 1653 687; x_wconf 85' lang='lat' dir='ltr'>Virg.</span> 
     </span>
     <span class='ocr_line' id='line_1_6' title="bbox 143 711 1653 765; baseline -0.002 -13"><span class='ocrx_word' id='word_1_47' title='bbox 143 713 228 752; x_wconf 90' lang='lat' dir='ltr'>Ecl.</span> <span class='ocrx_word' id='word_1_48' title='bbox 262 714 339 752; x_wconf 89' lang='lat'>111.</span> <span class='ocrx_word' id='word_1_49' title='bbox 370 719 432 757; x_wconf 83' lang='lat'>77.</span> <span class='ocrx_word' id='word_1_50' title='bbox 467 752 472 755; x_wconf 70' lang='grc'>,</span> <span class='ocrx_word' id='word_1_51' title='bbox 502 714 640 752; x_wconf 90' lang='lat' dir='ltr'><strong>“Cum</strong></span> <span class='ocrx_word' id='word_1_52' title='bbox 657 712 811 765; x_wconf 81' lang='lat' dir='ltr'>faciam</span> <span class='ocrx_word' id='word_1_53' title='bbox 848 713 973 751; x_wconf 77' lang='lat' dir='ltr'>vitula</span> <span class='ocrx_word' id='word_1_54' title='bbox 1000 726 1074 764; x_wconf 87' lang='lat' dir='ltr'>pro</span> <span class='ocrx_word' id='word_1_55' title='bbox 1102 712 1321 763; x_wconf 82' lang='lat' dir='ltr'>frugibus.”</span> <span class='ocrx_word' id='word_1_56' title='bbox 1391 711 1506 750; x_wconf 85' lang='lat' dir='ltr'>Nost.</span> <span class='ocrx_word' id='word_1_57' title='bbox 1552 711 1653 750; x_wconf 83' lang='lat' dir='ltr'>Rud.</span> 
     </span>
     <span class='ocr_line' id='line_1_7' title="bbox 139 786 1650 838; baseline -0.003 -11"><span class='ocrx_word' id='word_1_58' title='bbox 139 787 227 827; x_wconf 83' lang='grc'>614.</span> <span class='ocrx_word' id='word_1_59' title='bbox 300 787 439 827; x_wconf 87' lang='lat' dir='ltr'>“Tun&#39;</span> <span class='ocrx_word' id='word_1_60' title='bbox 482 787 689 827; x_wconf 86' lang='lat' dir='ltr'>nobiscum</span> <span class='ocrx_word' id='word_1_61' title='bbox 735 787 801 827; x_wconf 88' lang='lat' dir='ltr'>hic</span> <span class='ocrx_word' id='word_1_62' title='bbox 846 787 922 826; x_wconf 87' lang='lat' dir='ltr'>diis</span> <span class='ocrx_word' id='word_1_63' title='bbox 951 787 1095 838; x_wconf 85' lang='lat' dir='ltr'>facere</span> <span class='ocrx_word' id='word_1_64' title='bbox 1133 787 1307 838; x_wconf 84' lang='lat' dir='ltr'><strong>postulas</strong></span> <span class='ocrx_word' id='word_1_65' title='bbox 1318 789 1361 825; x_wconf 86' lang='lat'>?&#39;&#39;</span> <span class='ocrx_word' id='word_1_66' title='bbox 1404 786 1525 826; x_wconf 82' lang='lat' dir='ltr'>Stich.</span> <span class='ocrx_word' id='word_1_67' title='bbox 1562 793 1650 827; x_wconf 78' lang='lat'>230.</span> 
     </span>
     <span class='ocr_line' id='line_1_8' title="bbox 139 859 1534 914; baseline -0.001 -14"><span class='ocrx_word' id='word_1_68' title='bbox 139 861 284 908; x_wconf 83' lang='lat' dir='ltr'>“Quot</span> <span class='ocrx_word' id='word_1_69' title='bbox 310 862 422 914; x_wconf 81' lang='lat' dir='ltr'>agnis</span> <span class='ocrx_word' id='word_1_70' title='bbox 433 862 626 914; x_wconf 70' lang='lat' dir='ltr'>ficerat?</span> <span class='ocrx_word' id='word_1_71' title='bbox 654 863 726 900; x_wconf 74' lang='lat' dir='ltr'>Cn.</span> <span class='ocrx_word' id='word_1_72' title='bbox 777 861 851 900; x_wconf 83' lang='lat' dir='ltr'>Illa</span> <span class='ocrx_word' id='word_1_73' title='bbox 878 860 1039 913; x_wconf 87' lang='lat' dir='ltr'>quidem</span> <span class='ocrx_word' id='word_1_74' title='bbox 1066 859 1223 898; x_wconf 88' lang='lat' dir='ltr'>nullum</span> <span class='ocrx_word' id='word_1_75' title='bbox 1254 861 1534 900; x_wconf 79' lang='lat' dir='ltr'>sacruficavit.”</span> 
     </span>
    </p>
   </div>
   <div class='ocr_carea' id='block_1_3' title="bbox 130 992 1647 1429">
    <p class='ocr_par' dir='ltr' id='par_1_3' title="bbox 130 992 1647 1429">
     <span class='ocr_line' id='line_1_9' title="bbox 218 992 1647 1054; baseline -0.001 -14"><span class='ocrx_word' id='word_1_76' title='bbox 218 1023 285 1032; x_wconf 92' lang='lat'><strong>—</strong></span> <span class='ocrx_word' id='word_1_77' title='bbox 335 992 608 1054; x_wconf 58' lang='lat' dir='ltr'>Fidenam]</span> <span class='ocrx_word' id='word_1_78' title='bbox 676 997 713 1038; x_wconf 82' lang='lat' dir='ltr'><em>A</em></span> <span class='ocrx_word' id='word_1_79' title='bbox 744 1001 835 1051; x_wconf 83' lang='lat' dir='ltr'>pot,</span> <span class='ocrx_word' id='word_1_80' title='bbox 871 1010 983 1037; x_wconf 75' lang='grc' dir='ltr'>υιιεε.</span> <span class='ocrx_word' id='word_1_81' title='bbox 1056 1001 1169 1039; x_wconf 83' lang='lat' dir='ltr'>”Vas</span> <span class='ocrx_word' id='word_1_82' title='bbox 1201 1001 1331 1047; x_wconf 81' lang='lat' dir='ltr'>fictile,</span> <span class='ocrx_word' id='word_1_83' title='bbox 1372 1001 1423 1039; x_wconf 77' lang='lat' dir='ltr'>ad</span> <span class='ocrx_word' id='word_1_84' title='bbox 1456 1015 1647 1053; x_wconf 81' lang='lat' dir='ltr'>reponen-</span> 
     </span>
     <span class='ocr_line' id='line_1_10' title="bbox 134 1070 1645 1132; baseline 0.001 -15"><span class='ocrx_word' id='word_1_85' title='bbox 134 1078 230 1117; x_wconf 90' lang='lat' dir='ltr'>dum</span> <span class='ocrx_word' id='word_1_86' title='bbox 273 1080 409 1118; x_wconf 88' lang='lat' dir='ltr'>vinum</span> <span class='ocrx_word' id='word_1_87' title='bbox 445 1080 646 1132; x_wconf 84' lang='lat' dir='ltr'>proprie.“</span> <span class='ocrx_word' id='word_1_88' title='bbox 716 1079 821 1117; x_wconf 70' lang='lat' dir='ltr'>Con.</span> <span class='ocrx_word' id='word_1_89' title='bbox 858 1079 934 1116; x_wconf 86' lang='lat' dir='ltr'>Ms.</span> <span class='ocrx_word' id='word_1_90' title='bbox 978 1077 1085 1117; x_wconf 82' lang='lat' dir='ltr'>Pers.</span> <span class='ocrx_word' id='word_1_91' title='bbox 1125 1079 1203 1117; x_wconf 86' lang='lat' dir='ltr'>Sat.</span> <span class='ocrx_word' id='word_1_92' title='bbox 1231 1079 1311 1116; x_wconf 93' lang='lat'>111.</span> <span class='ocrx_word' id='word_1_93' title='bbox 1344 1085 1407 1118; x_wconf 79' lang='lat'>22.</span> <span class='ocrx_word' id='word_1_94' title='bbox 1477 1070 1645 1118; x_wconf 65' lang='lat' dir='ltr'>“Viri‘di</span> 
     </span>
     <span class='ocr_line' id='line_1_11' title="bbox 133 1152 1643 1204; baseline -0.001 -13"><span class='ocrx_word' id='word_1_95' title='bbox 133 1167 211 1192; x_wconf 88' lang='lat' dir='ltr'>non</span> <span class='ocrx_word' id='word_1_96' title='bbox 241 1162 350 1193; x_wconf 84' lang='lat' dir='ltr'>cocta</span> <span class='ocrx_word' id='word_1_97' title='bbox 367 1154 509 1204; x_wconf 81' lang='lat' dir='ltr'>fidelia</span> <span class='ocrx_word' id='word_1_98' title='bbox 531 1154 663 1192; x_wconf 85' lang='lat' dir='ltr'>limo.”</span> <span class='ocrx_word' id='word_1_99' title='bbox 690 1162 739 1192; x_wconf 87' lang='lat' dir='ltr'>et.</span> <span class='ocrx_word' id='word_1_100' title='bbox 779 1153 827 1190; x_wconf 91' lang='lat' dir='ltr'>V.</span> <span class='ocrx_word' id='word_1_101' title='bbox 859 1158 943 1192; x_wconf 87' lang='lat'>183.</span> <span class='ocrx_word' id='word_1_102' title='bbox 1012 1160 1038 1175; x_wconf 88' lang='lat'><em>“</em></span> <span class='ocrx_word' id='word_1_103' title='bbox 1053 1154 1199 1192; x_wconf 85' lang='lat' dir='ltr'>Tumet</span> <span class='ocrx_word' id='word_1_104' title='bbox 1233 1154 1322 1192; x_wconf 80' lang='lat' dir='ltr'>alba</span> <span class='ocrx_word' id='word_1_105' title='bbox 1336 1152 1479 1203; x_wconf 76' lang='lat' dir='ltr'>fidelia</span> <span class='ocrx_word' id='word_1_106' title='bbox 1516 1154 1643 1191; x_wconf 86' lang='lat' dir='ltr'>vino.&#39;&#39;</span> 
     </span>
     <span class='ocr_line' id='line_1_12' title="bbox 132 1221 1646 1281; baseline -0.001 -13"><span class='ocrx_word' id='word_1_107' title='bbox 132 1230 333 1281; x_wconf 87' lang='lat' dir='ltr'>Adagium</span> <span class='ocrx_word' id='word_1_108' title='bbox 371 1230 479 1281; x_wconf 87' lang='lat' dir='ltr'>apud</span> <span class='ocrx_word' id='word_1_109' title='bbox 515 1231 595 1269; x_wconf 90' lang='lat' dir='ltr'>Cic.</span> <span class='ocrx_word' id='word_1_110' title='bbox 631 1229 757 1281; x_wconf 85' lang='lat' dir='ltr'>Epist.</span> <span class='ocrx_word' id='word_1_111' title='bbox 795 1229 902 1266; x_wconf 86' lang='lat' dir='ltr'><strong>Fam.</strong></span> <span class='ocrx_word' id='word_1_112' title='bbox 943 1228 1038 1267; x_wconf 91' lang='lat' dir='ltr'>VII.</span> <span class='ocrx_word' id='word_1_113' title='bbox 1076 1235 1136 1274; x_wconf 74' lang='lat'>29.</span> <span class='ocrx_word' id='word_1_114' title='bbox 1199 1221 1351 1267; x_wconf 63' lang='lat' dir='ltr'>“‘Duos</span> <span class='ocrx_word' id='word_1_115' title='bbox 1388 1229 1556 1281; x_wconf 85' lang='lat' dir='ltr'>parietes</span> <span class='ocrx_word' id='word_1_116' title='bbox 1596 1229 1646 1267; x_wconf 91' lang='lat' dir='ltr'>de</span> 
     </span>
     <span class='ocr_line' id='line_1_13' title="bbox 132 1302 1644 1354; baseline -0.001 -13"><span class='ocrx_word' id='word_1_117' title='bbox 132 1304 269 1342; x_wconf 82' lang='lat' dir='ltr'>eadem</span> <span class='ocrx_word' id='word_1_118' title='bbox 279 1303 423 1354; x_wconf 78' lang='lat' dir='ltr'>fidelia</span> <span class='ocrx_word' id='word_1_119' title='bbox 453 1303 671 1342; x_wconf 86' lang='lat' dir='ltr'>dealbare.”</span> <span class='ocrx_word' id='word_1_120' title='bbox 724 1302 805 1341; x_wconf 93' lang='lat' dir='ltr'>Ubi</span> <span class='ocrx_word' id='word_1_121' title='bbox 836 1302 973 1340; x_wconf 83' lang='lat' dir='ltr'>alienis</span> <span class='ocrx_word' id='word_1_122' title='bbox 1004 1302 1140 1340; x_wconf 82' lang='lat' dir='ltr'>usibus</span> <span class='ocrx_word' id='word_1_123' title='bbox 1168 1303 1357 1349; x_wconf 81' lang='lat' dir='ltr'>inservit3</span> <span class='ocrx_word' id='word_1_124' title='bbox 1382 1310 1422 1341; x_wconf 85' lang='lat' dir='ltr'>et</span> <span class='ocrx_word' id='word_1_125' title='bbox 1453 1304 1508 1342; x_wconf 88' lang='lat' dir='ltr'>sic</span> <span class='ocrx_word' id='word_1_126' title='bbox 1538 1303 1644 1342; x_wconf 88' lang='lat' dir='ltr'>Non.</span> 
     </span>
     <span class='ocr_line' id='line_1_14' title="bbox 130 1377 1579 1429; baseline 0 -13"><span class='ocrx_word' id='word_1_127' title='bbox 130 1390 163 1416; x_wconf 85' lang='lat' dir='ltr'>c.</span> <span class='ocrx_word' id='word_1_128' title='bbox 185 1377 271 1415; x_wconf 90' lang='lat' dir='ltr'>XV.</span> <span class='ocrx_word' id='word_1_129' title='bbox 300 1383 335 1416; x_wconf 89' lang='lat'>5.</span> <span class='ocrx_word' id='word_1_130' title='bbox 388 1379 410 1392; x_wconf 78' lang='lat'>&#39;⁹</span> <span class='ocrx_word' id='word_1_131' title='bbox 427 1377 589 1422; x_wconf 72' lang='lat' dir='ltr'>Fideliu,</span> <span class='ocrx_word' id='word_1_132' title='bbox 619 1377 797 1415; x_wconf 88' lang='lat' dir='ltr'>Samium</span> <span class='ocrx_word' id='word_1_133' title='bbox 824 1390 904 1421; x_wconf 77' lang='lat' dir='ltr'>va8‚</span> <span class='ocrx_word' id='word_1_134' title='bbox 940 1377 990 1414; x_wconf 84' lang='lat' dir='ltr'>ad</span> <span class='ocrx_word' id='word_1_135' title='bbox 1016 1391 1111 1415; x_wconf 88' lang='lat' dir='ltr'>usus</span> <span class='ocrx_word' id='word_1_136' title='bbox 1139 1378 1371 1429; x_wconf 84' lang='lat' dir='ltr'>plurimos.“</span> <span class='ocrx_word' id='word_1_137' title='bbox 1402 1378 1464 1416; x_wconf 85' lang='lat' dir='ltr'>all.</span> <span class='ocrx_word' id='word_1_138' title='bbox 1494 1378 1533 1416; x_wconf 90' lang='lat' dir='ltr'>h.</span> <span class='ocrx_word' id='word_1_139' title='bbox 1551 1386 1579 1416; x_wconf 90' lang='lat' dir='ltr'>t.</span> 
     </span>
    </p>
   </div>
   <div class='ocr_carea' id='block_1_4' title="bbox 202 1500 1104 1561">
    <p class='ocr_par' dir='ltr' id='par_1_4' title="bbox 202 1500 1104 1561">
     <span class='ocr_line' id='line_1_15' title="bbox 202 1500 1104 1561; baseline -0.007 -12"><span class='ocrx_word' id='word_1_140' title='bbox 202 1511 289 1549; x_wconf 84' lang='grc'><strong>578.</strong></span> <span class='ocrx_word' id='word_1_141' title='bbox 352 1500 463 1548; x_wconf 90' lang='lat' dir='ltr'>Non</span> <span class='ocrx_word' id='word_1_142' title='bbox 501 1500 712 1561; x_wconf 88' lang='lat' dir='ltr'>temere.]</span> <span class='ocrx_word' id='word_1_143' title='bbox 782 1507 911 1558; x_wconf 84' lang='lat' dir='ltr'>Supra</span> <span class='ocrx_word' id='word_1_144' title='bbox 943 1513 1026 1546; x_wconf 84' lang='lat'>141.</span> <span class='ocrx_word' id='word_1_145' title='bbox 1055 1508 1104 1545; x_wconf 92' lang='lat' dir='ltr'>G.</span> 
     </span>
    </p>
   </div>
   <div class='ocr_carea' id='block_1_5' title="bbox 118 1626 1672 2439">
    <p class='ocr_par' dir='ltr' id='par_1_5' title="bbox 118 1626 1672 2439">
     <span class='ocr_line' id='line_1_16' title="bbox 212 1626 1640 1692; baseline 0 -12"><span class='ocrx_word' id='word_1_146' title='bbox 212 1661 276 1667; x_wconf 82' lang='lat'>--</span> <span class='ocrx_word' id='word_1_147' title='bbox 351 1633 495 1680; x_wconf 81' lang='lat' dir='ltr'>Laeva</span> <span class='ocrx_word' id='word_1_148' title='bbox 531 1635 710 1692; x_wconf 62' lang='lat' dir='ltr'>manu]</span> <span class='ocrx_word' id='word_1_149' title='bbox 764 1640 919 1678; x_wconf 80' lang='lat' dir='ltr'><em>Loevum</em></span> <span class='ocrx_word' id='word_1_150' title='bbox 946 1626 1015 1679; x_wconf 79' lang='lat' dir='ltr'>seu</span> <span class='ocrx_word' id='word_1_151' title='bbox 1043 1640 1239 1678; x_wconf 75' lang='lat' dir='ltr'>sinistrum</span> <span class='ocrx_word' id='word_1_152' title='bbox 1267 1641 1479 1692; x_wconf 84' lang='lat' dir='ltr'>saepissime</span> <span class='ocrx_word' id='word_1_153' title='bbox 1503 1641 1553 1680; x_wconf 90' lang='lat' dir='ltr'>de</span> <span class='ocrx_word' id='word_1_154' title='bbox 1579 1655 1640 1680; x_wconf 86' lang='lat' dir='ltr'>re-</span> 
     </span>
     <span class='ocr_line' id='line_1_17' title="bbox 125 1718 1640 1771; baseline -0.001 -13"><span class='ocrx_word' id='word_1_155' title='bbox 125 1722 201 1758; x_wconf 87' lang='lat' dir='ltr'>bus</span> <span class='ocrx_word' id='word_1_156' title='bbox 229 1719 452 1757; x_wconf 83' lang='lat' dir='ltr'>inominatis</span> <span class='ocrx_word' id='word_1_157' title='bbox 489 1726 529 1757; x_wconf 89' lang='lat' dir='ltr'>et</span> <span class='ocrx_word' id='word_1_158' title='bbox 567 1718 791 1758; x_wconf 85' lang='lat' dir='ltr'>infelicibus</span> <span class='ocrx_word' id='word_1_159' title='bbox 820 1719 1014 1769; x_wconf 88' lang='lat' dir='ltr'>usurpari,</span> <span class='ocrx_word' id='word_1_160' title='bbox 1053 1718 1299 1756; x_wconf 85' lang='lat' dir='ltr'>notissimum</span> <span class='ocrx_word' id='word_1_161' title='bbox 1332 1725 1402 1757; x_wconf 71' lang='lat' dir='ltr'>est.</span> <span class='ocrx_word' id='word_1_162' title='bbox 1457 1719 1640 1771; x_wconf 86' lang='lat' dir='ltr'>Exempli</span> 
     </span>
     <span class='ocr_line' id='line_1_18' title="bbox 126 1792 1672 1850; baseline -0.001 -17"><span class='ocrx_word' id='word_1_163' title='bbox 126 1796 213 1833; x_wconf 91' lang='lat' dir='ltr'>loco</span> <span class='ocrx_word' id='word_1_164' title='bbox 240 1802 374 1832; x_wconf 78' lang='lat' dir='ltr'>erunt:</span> <span class='ocrx_word' id='word_1_165' title='bbox 413 1794 512 1831; x_wconf 85' lang='lat' dir='ltr'>Hor.</span> <span class='ocrx_word' id='word_1_166' title='bbox 538 1793 619 1831; x_wconf 84' lang='lat' dir='ltr'>Sat.</span> <span class='ocrx_word' id='word_1_167' title='bbox 647 1792 703 1829; x_wconf 91' lang='grc' dir='ltr'>ΙΙ.</span> <span class='ocrx_word' id='word_1_168' title='bbox 731 1805 788 1831; x_wconf 87' lang='lat' dir='ltr'>1v.</span> <span class='ocrx_word' id='word_1_169' title='bbox 822 1798 857 1830; x_wconf 80' lang='lat'>4.</span> <span class='ocrx_word' id='word_1_170' title='bbox 926 1794 1067 1830; x_wconf 90' lang='lat' dir='ltr'><strong>“Cum</strong></span> <span class='ocrx_word' id='word_1_171' title='bbox 1096 1800 1135 1831; x_wconf 88' lang='lat' dir='ltr'>te</span> <span class='ocrx_word' id='word_1_172' title='bbox 1160 1793 1216 1831; x_wconf 88' lang='lat' dir='ltr'>sic</span> <span class='ocrx_word' id='word_1_173' title='bbox 1242 1800 1420 1844; x_wconf 89' lang='lat' dir='ltr'>tempore</span> <span class='ocrx_word' id='word_1_174' title='bbox 1450 1793 1542 1832; x_wconf 83' lang='lat' dir='ltr'>loevo</span> <span class='ocrx_word' id='word_1_175' title='bbox 1570 1794 1638 1832; x_wconf 91' lang='lat' dir='ltr'>In-</span> <span class='ocrx_word' id='word_1_176' title='bbox 1668 1846 1672 1850; x_wconf 70' lang='lat'>‚</span> 
     </span>
     <span class='ocr_line' id='line_1_19' title="bbox 125 1866 1635 1920; baseline -0.001 -14"><span class='ocrx_word' id='word_1_177' title='bbox 125 1868 397 1920; x_wconf 82' lang='lat' dir='ltr'>terpellarim.&#39;&#39;</span> <span class='ocrx_word' id='word_1_178' title='bbox 450 1867 530 1905; x_wconf 87' lang='lat' dir='ltr'>Ars</span> <span class='ocrx_word' id='word_1_179' title='bbox 561 1868 666 1905; x_wconf 87' lang='lat' dir='ltr'>Poet.</span> <span class='ocrx_word' id='word_1_180' title='bbox 701 1872 788 1906; x_wconf 87' lang='lat'>301.</span> <span class='ocrx_word' id='word_1_181' title='bbox 844 1867 919 1905; x_wconf 90' lang='lat' dir='ltr'>“O</span> <span class='ocrx_word' id='word_1_182' title='bbox 947 1881 1022 1918; x_wconf 89' lang='lat' dir='ltr'>ego</span> <span class='ocrx_word' id='word_1_183' title='bbox 1049 1866 1201 1905; x_wconf 50' lang='grc' dir='ltr'>ἰῶνται-Γ</span> <span class='ocrx_word' id='word_1_184' title='bbox 1254 1868 1365 1919; x_wconf 86' lang='lat' dir='ltr'>Virg.</span> <span class='ocrx_word' id='word_1_185' title='bbox 1397 1868 1483 1906; x_wconf 84' lang='lat' dir='ltr'>Ecl.</span> <span class='ocrx_word' id='word_1_186' title='bbox 1512 1868 1546 1905; x_wconf 90' lang='lat'>1.</span> <span class='ocrx_word' id='word_1_187' title='bbox 1578 1867 1635 1907; x_wconf 87' lang='lat'>16.</span> 
     </span>
     <span class='ocr_line' id='line_1_20' title="bbox 127 1938 1638 1990; baseline 0 -12"><span class='ocrx_word' id='word_1_188' title='bbox 127 1947 152 1963; x_wconf 92' lang='lat'>“</span> <span class='ocrx_word' id='word_1_189' title='bbox 167 1941 208 1979; x_wconf 92' lang='lat' dir='ltr'>Si</span> <span class='ocrx_word' id='word_1_190' title='bbox 242 1954 352 1978; x_wconf 86' lang='lat' dir='ltr'>mens</span> <span class='ocrx_word' id='word_1_191' title='bbox 381 1953 460 1977; x_wconf 89' lang='lat' dir='ltr'>non</span> <span class='ocrx_word' id='word_1_192' title='bbox 494 1939 588 1977; x_wconf 80' lang='lat' dir='ltr'>loeva</span> <span class='ocrx_word' id='word_1_193' title='bbox 622 1939 797 1977; x_wconf 86' lang='lat' dir='ltr'>fuisset.”</span> <span class='ocrx_word' id='word_1_194' title='bbox 851 1939 997 1990; x_wconf 87' lang='lat' dir='ltr'>Georg.</span> <span class='ocrx_word' id='word_1_195' title='bbox 1027 1938 1097 1976; x_wconf 91' lang='lat' dir='ltr'>IV.</span> <span class='ocrx_word' id='word_1_196' title='bbox 1127 1944 1163 1982; x_wconf 88' lang='lat'>7.</span> <span class='ocrx_word' id='word_1_197' title='bbox 1218 1945 1243 1960; x_wconf 90' lang='lat'>“</span> <span class='ocrx_word' id='word_1_198' title='bbox 1258 1939 1300 1977; x_wconf 92' lang='lat' dir='ltr'>Si</span> <span class='ocrx_word' id='word_1_199' title='bbox 1318 1953 1437 1990; x_wconf 89' lang='lat' dir='ltr'>quem</span> <span class='ocrx_word' id='word_1_200' title='bbox 1459 1939 1638 1978; x_wconf 81' lang='lat' dir='ltr'>Numina</span> 
     </span>
     <span class='ocr_line' id='line_1_21' title="bbox 123 2012 1635 2054; baseline -0.002 0"><span class='ocrx_word' id='word_1_201' title='bbox 123 2016 218 2054; x_wconf 83' lang='lat' dir='ltr'><em>laeva</em></span> <span class='ocrx_word' id='word_1_202' title='bbox 246 2015 415 2054; x_wconf 87' lang='lat' dir='ltr'>sinunt.”</span> <span class='ocrx_word' id='word_1_203' title='bbox 460 2014 498 2051; x_wconf 85' lang='lat' dir='ltr'>h.</span> <span class='ocrx_word' id='word_1_204' title='bbox 517 2028 550 2052; x_wconf 90' lang='lat' dir='ltr'>e.</span> <span class='ocrx_word' id='word_1_205' title='bbox 585 2013 759 2051; x_wconf 81' lang='lat' dir='ltr'>adversa.</span> <span class='ocrx_word' id='word_1_206' title='bbox 813 2013 921 2051; x_wconf 88' lang='lat' dir='ltr'>Pers.</span> <span class='ocrx_word' id='word_1_207' title='bbox 955 2012 1034 2051; x_wconf 86' lang='lat' dir='ltr'>Sat.</span> <span class='ocrx_word' id='word_1_208' title='bbox 1056 2013 1108 2050; x_wconf 91' lang='lat' dir='ltr'>V.</span> <span class='ocrx_word' id='word_1_209' title='bbox 1140 2012 1222 2051; x_wconf 83' lang='lat'>164.</span> <span class='ocrx_word' id='word_1_210' title='bbox 1281 2013 1493 2053; x_wconf 82' lang='lat' dir='ltr'>“Rumore</span> <span class='ocrx_word' id='word_1_211' title='bbox 1521 2013 1635 2052; x_wconf 75' lang='lat' dir='ltr'>sinis-</span> 
     </span>
     <span class='ocr_line' id='line_1_22' title="bbox 122 2087 1635 2138; baseline 0 -12"><span class='ocrx_word' id='word_1_212' title='bbox 122 2091 217 2126; x_wconf 78' lang='lat' dir='ltr'>tro.”</span> <span class='ocrx_word' id='word_1_213' title='bbox 254 2088 469 2138; x_wconf 82' lang='lat' dir='ltr'>(ill-fame.)</span> <span class='ocrx_word' id='word_1_214' title='bbox 506 2094 578 2125; x_wconf 90' lang='lat' dir='ltr'>etc.</span> <span class='ocrx_word' id='word_1_215' title='bbox 638 2087 775 2134; x_wconf 90' lang='lat' dir='ltr'><strong>Quum</strong></span> <span class='ocrx_word' id='word_1_216' title='bbox 816 2094 948 2125; x_wconf 74' lang='lat' dir='ltr'>autem</span> <span class='ocrx_word' id='word_1_217' title='bbox 982 2087 1089 2138; x_wconf 86' lang='lat' dir='ltr'>apud</span> <span class='ocrx_word' id='word_1_218' title='bbox 1135 2087 1294 2126; x_wconf 84' lang='lat' dir='ltr'>Graecos</span> <span class='ocrx_word' id='word_1_219' title='bbox 1329 2088 1459 2126; x_wconf 78' lang='lat' dir='ltr'>omina</span> <span class='ocrx_word' id='word_1_220' title='bbox 1486 2103 1511 2126; x_wconf 78' lang='lat' dir='ltr'><strong>a</strong></span> <span class='ocrx_word' id='word_1_221' title='bbox 1539 2088 1635 2127; x_wconf 85' lang='lat' dir='ltr'><em>loeva</em></span> 
     </span>
     <span class='ocr_line' id='line_1_23' title="bbox 122 2160 1637 2215; baseline -0.001 -12"><span class='ocrx_word' id='word_1_222' title='bbox 122 2170 251 2203; x_wconf 78' lang='lat' dir='ltr'>essent</span> <span class='ocrx_word' id='word_1_223' title='bbox 273 2176 473 2215; x_wconf 81' lang='lat' dir='ltr'>prospera,</span> <span class='ocrx_word' id='word_1_224' title='bbox 508 2161 633 2211; x_wconf 87' lang='lat' dir='ltr'>(unde</span> <span class='ocrx_word' id='word_1_225' title='bbox 669 2161 837 2209; x_wconf 68' lang='grc' dir='ltr'>εὖόννμος</span> <span class='ocrx_word' id='word_1_226' title='bbox 867 2175 941 2213; x_wconf 90' lang='lat' dir='ltr'>pro</span> <span class='ocrx_word' id='word_1_227' title='bbox 967 2160 1085 2199; x_wconf 79' lang='lat' dir='ltr'><strong><em>laevus</em></strong></span> <span class='ocrx_word' id='word_1_228' title='bbox 1113 2162 1308 2213; x_wconf 84' lang='lat' dir='ltr'>ponitur‚)</span> <span class='ocrx_word' id='word_1_229' title='bbox 1339 2162 1445 2200; x_wconf 78' lang='lat' dir='ltr'>haud</span> <span class='ocrx_word' id='word_1_230' title='bbox 1473 2176 1561 2201; x_wconf 85' lang='lat' dir='ltr'>raro</span> <span class='ocrx_word' id='word_1_231' title='bbox 1590 2164 1637 2201; x_wconf 85' lang='lat' dir='ltr'>fit</span> 
     </span>
     <span class='ocr_line' id='line_1_24' title="bbox 120 2236 1632 2282; baseline -0.001 -6"><span class='ocrx_word' id='word_1_232' title='bbox 120 2239 162 2276; x_wconf 90' lang='lat' dir='ltr'>in</span> <span class='ocrx_word' id='word_1_233' title='bbox 193 2238 330 2276; x_wconf 83' lang='lat' dir='ltr'>Nostri</span> <span class='ocrx_word' id='word_1_234' title='bbox 357 2237 513 2282; x_wconf 86' lang='lat' dir='ltr'>fabulis,</span> <span class='ocrx_word' id='word_1_235' title='bbox 544 2237 685 2275; x_wconf 83' lang='lat' dir='ltr'>Latine</span> <span class='ocrx_word' id='word_1_236' title='bbox 720 2250 768 2275; x_wconf 82' lang='lat' dir='ltr'>ex</span> <span class='ocrx_word' id='word_1_237' title='bbox 796 2237 938 2275; x_wconf 81' lang='lat' dir='ltr'>Graeco</span> <span class='ocrx_word' id='word_1_238' title='bbox 973 2249 1150 2275; x_wconf 83' lang='lat' dir='ltr'>sermone</span> <span class='ocrx_word' id='word_1_239' title='bbox 1177 2236 1353 2281; x_wconf 83' lang='lat' dir='ltr'>redditis,</span> <span class='ocrx_word' id='word_1_240' title='bbox 1382 2250 1518 2275; x_wconf 87' lang='lat' dir='ltr'>eorum</span> <span class='ocrx_word' id='word_1_241' title='bbox 1548 2250 1632 2274; x_wconf 88' lang='lat' dir='ltr'>mo-</span> 
     </span>
     <span class='ocr_line' id='line_1_25' title="bbox 121 2310 1631 2363; baseline 0.001 -13"><span class='ocrx_word' id='word_1_242' title='bbox 121 2325 204 2350; x_wconf 84' lang='lat' dir='ltr'>rem</span> <span class='ocrx_word' id='word_1_243' title='bbox 226 2312 384 2350; x_wconf 83' lang='lat' dir='ltr'>servari.</span> <span class='ocrx_word' id='word_1_244' title='bbox 446 2312 553 2350; x_wconf 92' lang='lat' dir='ltr'>Hinc</span> <span class='ocrx_word' id='word_1_245' title='bbox 583 2312 626 2349; x_wconf 89' lang='lat' dir='ltr'>in</span> <span class='ocrx_word' id='word_1_246' title='bbox 655 2311 774 2363; x_wconf 86' lang='lat' dir='ltr'>Epid.</span> <span class='ocrx_word' id='word_1_247' title='bbox 803 2317 898 2357; x_wconf 78' lang='lat'>1783</span> <span class='ocrx_word' id='word_1_248' title='bbox 935 2318 975 2349; x_wconf 88' lang='lat' dir='ltr'>et</span> <span class='ocrx_word' id='word_1_249' title='bbox 1003 2310 1148 2350; x_wconf 83' lang='lat' dir='ltr'>Pseud.</span> <span class='ocrx_word' id='word_1_250' title='bbox 1168 2311 1255 2355; x_wconf 84' lang='grc'><strong>763.</strong></span> <span class='ocrx_word' id='word_1_251' title='bbox 1292 2318 1318 2334; x_wconf 93' lang='lat'><em>“</em></span> <span class='ocrx_word' id='word_1_252' title='bbox 1335 2312 1408 2350; x_wconf 78' lang='lat' dir='ltr'>Avi</span> <span class='ocrx_word' id='word_1_253' title='bbox 1433 2312 1631 2358; x_wconf 50' lang='grc' dir='ltr'>εἰκῶν-αἶ’</span> 
     </span>
     <span class='ocr_line' id='line_1_26' title="bbox 118 2386 1320 2439; baseline -0.001 -14"><span class='ocrx_word' id='word_1_254' title='bbox 118 2395 178 2426; x_wconf 86' lang='lat' dir='ltr'>est</span> <span class='ocrx_word' id='word_1_255' title='bbox 204 2401 279 2439; x_wconf 87' lang='lat' dir='ltr'>pro</span> <span class='ocrx_word' id='word_1_256' title='bbox 309 2386 414 2425; x_wconf 79' lang='lat' dir='ltr'>bonis</span> <span class='ocrx_word' id='word_1_257' title='bbox 441 2386 636 2437; x_wconf 72' lang='lat' dir='ltr'>auspiciis.</span> <span class='ocrx_word' id='word_1_258' title='bbox 666 2394 738 2425; x_wconf 82' lang='lat' dir='ltr'>etc.</span> <span class='ocrx_word' id='word_1_259' title='bbox 792 2387 988 2424; x_wconf 85' lang='lat' dir='ltr'>Caeterum</span> <span class='ocrx_word' id='word_1_260' title='bbox 1017 2386 1118 2424; x_wconf 90' lang='lat' dir='ltr'>Vide</span> <span class='ocrx_word' id='word_1_261' title='bbox 1143 2386 1185 2423; x_wconf 90' lang='lat' dir='ltr'>in</span> <span class='ocrx_word' id='word_1_262' title='bbox 1214 2386 1320 2424; x_wconf 86' lang='lat' dir='ltr'>Nott.</span> 
     </span>
    </p>
   </div>
   <div class='ocr_carea' id='block_1_6' title="bbox 116 2521 1627 2807">
    <p class='ocr_par' dir='ltr' id='par_1_6' title="bbox 116 2521 1627 2807">
     <span class='ocr_line' id='line_1_27' title="bbox 202 2521 1627 2582; baseline -0.001 -15"><span class='ocrx_word' id='word_1_263' title='bbox 202 2533 291 2572; x_wconf 85' lang='lat'>579.</span> <span class='ocrx_word' id='word_1_264' title='bbox 371 2521 628 2582; x_wconf 78' lang='lat' dir='ltr'>Crocibat.]</span> <span class='ocrx_word' id='word_1_265' title='bbox 694 2529 902 2582; x_wconf 67' lang='grc' dir='ltr'>Ἀρχαϊκός</span> <span class='ocrx_word' id='word_1_266' title='bbox 941 2542 1015 2580; x_wconf 90' lang='lat' dir='ltr'>pro</span> <span class='ocrx_word' id='word_1_267' title='bbox 1049 2528 1263 2570; x_wconf 66' lang='lat' dir='ltr'>efficiebat:</span> <span class='ocrx_word' id='word_1_268' title='bbox 1301 2527 1372 2578; x_wconf 88' lang='lat' dir='ltr'>[ut</span> <span class='ocrx_word' id='word_1_269' title='bbox 1399 2528 1509 2566; x_wconf 84' lang='lat' dir='ltr'>Infra</span> <span class='ocrx_word' id='word_1_270' title='bbox 1540 2533 1627 2571; x_wconf 87' lang='lat'>711.</span> 
     </span>
     <span class='ocr_line' id='line_1_28' title="bbox 116 2606 1626 2661; baseline -0.001 -14"><span class='ocrx_word' id='word_1_271' title='bbox 116 2609 252 2647; x_wconf 74' lang='lat' dir='ltr'>scibas.</span> <span class='ocrx_word' id='word_1_272' title='bbox 288 2609 384 2661; x_wconf 84' lang='lat' dir='ltr'>&amp;c.]</span> <span class='ocrx_word' id='word_1_273' title='bbox 424 2623 448 2646; x_wconf 83' lang='lat' dir='ltr'>a</span> <span class='ocrx_word' id='word_1_274' title='bbox 490 2608 634 2646; x_wconf 80' lang='lat' dir='ltr'>crocire</span> <span class='ocrx_word' id='word_1_275' title='bbox 668 2608 721 2646; x_wconf 91' lang='lat' dir='ltr'>id.</span> <span class='ocrx_word' id='word_1_276' title='bbox 762 2623 828 2659; x_wconf 91' lang='lat' dir='ltr'>qu.</span> <span class='ocrx_word' id='word_1_277' title='bbox 874 2608 1071 2648; x_wconf 74' lang='lat' dir='ltr'>crocitare.</span> <span class='ocrx_word' id='word_1_278' title='bbox 1142 2606 1311 2650; x_wconf 82' lang='lat' dir='ltr'>Nonius,</span> <span class='ocrx_word' id='word_1_279' title='bbox 1359 2606 1498 2658; x_wconf 85' lang='lat' dir='ltr'>(quem</span> <span class='ocrx_word' id='word_1_280' title='bbox 1526 2607 1626 2646; x_wconf 74' lang='lat' dir='ltr'>citat</span> 
     </span>
     <span class='ocr_line' id='line_1_29' title="bbox 117 2679 1625 2732; baseline -0.001 -11"><span class='ocrx_word' id='word_1_281' title='bbox 117 2684 262 2721; x_wconf 68' lang='lat' dir='ltr'>Luni:</span> <span class='ocrx_word' id='word_1_282' title='bbox 292 2689 333 2721; x_wconf 84' lang='lat' dir='ltr'>et</span> <span class='ocrx_word' id='word_1_283' title='bbox 357 2681 484 2720; x_wconf 83' lang='lat' dir='ltr'>Gloss.</span> <span class='ocrx_word' id='word_1_284' title='bbox 513 2681 609 2720; x_wconf 87' lang='lat' dir='ltr'>cod.</span> <span class='ocrx_word' id='word_1_285' title='bbox 639 2682 693 2719; x_wconf 91' lang='lat' dir='ltr'>H.</span> <span class='ocrx_word' id='word_1_286' title='bbox 712 2681 769 2732; x_wconf 93' lang='lat'>6.)</span> <span class='ocrx_word' id='word_1_287' title='bbox 796 2682 862 2727; x_wconf 84' lang='lat' dir='ltr'>ait,</span> <span class='ocrx_word' id='word_1_288' title='bbox 892 2682 1070 2720; x_wconf 76' lang='lat' dir='ltr'>crocitum</span> <span class='ocrx_word' id='word_1_289' title='bbox 1100 2694 1184 2718; x_wconf 83' lang='lat' dir='ltr'>esse</span> <span class='ocrx_word' id='word_1_290' title='bbox 1210 2679 1409 2730; x_wconf 78' lang='lat' dir='ltr'>propriam</span> <span class='ocrx_word' id='word_1_291' title='bbox 1435 2693 1625 2719; x_wconf 71' lang='lat' dir='ltr'>corvorum</span> 
     </span>
     <span class='ocr_line' id='line_1_30' title="bbox 117 2752 1343 2807; baseline -0.002 -14"><span class='ocrx_word' id='word_1_292' title='bbox 117 2769 275 2802; x_wconf 83' lang='lat' dir='ltr'>vooem3</span> <span class='ocrx_word' id='word_1_293' title='bbox 310 2756 549 2806; x_wconf 84' lang='lat' dir='ltr'>(croaking.)</span> <span class='ocrx_word' id='word_1_294' title='bbox 603 2756 740 2794; x_wconf 83' lang='lat' dir='ltr'>Graece</span> <span class='ocrx_word' id='word_1_295' title='bbox 769 2755 925 2807; x_wconf 62' lang='grc' dir='ltr'>κράζειν.</span> <span class='ocrx_word' id='word_1_296' title='bbox 980 2754 1084 2792; x_wconf 90' lang='lat' dir='ltr'>Vide</span> <span class='ocrx_word' id='word_1_297' title='bbox 1103 2753 1211 2792; x_wconf 83' lang='lat' dir='ltr'>Nott.</span> <span class='ocrx_word' id='word_1_298' title='bbox 1229 2752 1343 2791; x_wconf 85' lang='lat' dir='ltr'>critt.</span> 
     </span>
    </p>
   </div>
  </div>
 </body>
</html>
