1864 3152
672 243 738 285 IN
774 244 1213 296 MENAECHMOS.
1617 248 1702 290 163

251 385 335 425 192.
401 374 490 422 Vae
513 383 645 440 tergo
665 392 770 425 meo
785 376 817 438 !]
883 381 976 423 Woe
1006 387 1048 423 to
1074 395 1146 436 my
1170 381 1304 423 back!
1357 387 1462 425 Nam
1490 401 1553 426 me
1582 389 1703 427 ulmea

171 474 275 498 coena
302 461 514 513 a'ccipient:
550 462 718 514 Ter-gum
745 477 877 502 meum
905 463 1070 515 flagellis
1097 463 1458 503 conscribillabunt.

246 559 333 591 201.
399 547 621 609 Vidulo.]
685 555 780 596 The
816 555 1068 609 knapsack‚·
1107 555 1265 596 wallet.
1336 559 1433 597 Erat
1467 558 1646 597 sacculus
1682 573 1704 597 e

171 635 279 673 corio
308 636 448 683 faetus,
481 637 521 674 in
554 650 673 688 quem
703 638 912 689 pecuniam
939 644 978 676 et
1006 637 1160 688 reliqua
1187 637 1329 676 viatica
1355 637 1602 688 reponebant
1627 637 1703 675 iter

171 710 369 749 faciente&
425 710 546 763 Epid.
565 716 628 750 20.
682 711 802 750 “Ubi
831 712 865 750 is
895 725 992 762 ergo
1020 719 1092 756 est,
1121 712 1196 750 nisi
1226 712 1257 750 si
1287 711 1328 750 in
1353 711 1482 751 vidulo
1495 711 1540 749 .2”
1594 711 1700 750 Rud.

171 790 258 824 305.
312 785 558 825 “Conclusit
583 786 669 837 ipse
695 786 737 823 in
764 785 966 824 vidulum?
994 787 1065 824 &c.

242 877 329 910 2052.
394 866 644 926 Numero]
695 871 804 912 Fun
825 885 942 912 soon.
988 877 1122 915 Nimis
1140 877 1230 915 cito.
1275 878 1296 891 ''
1314 877 1493 928 Antiqua
1510 877 1698 928 loquendi

169 953 280 998 ratio,
312 954 432 992 ducta
457 967 506 993 ex
534 968 580 992 eo
605 954 712 1005 quod
740 968 866 1000 unum,
895 955 1002 1007 quod
1030 963 1090 994 est
1115 956 1358 1007 principium
1387 956 1553 1001 numeri,
1578 970 1698 1008 puuc-

168 1034 244 1066 tum
278 1034 481 1080 putatur.“
537 1030 655 1068 Face.
709 1031 837 1069 Casin.
867 1036 954 1077 529.
1010 1030 1218 1070 “Numero
1253 1031 1353 1070 dicis
1368 1032 1403 1068 !”
1457 1031 1606 1083 Amph.
1635 1038 1697 1076 27.

170 1109 195 1125 “
212 1103 380 1142 Numero
398 1104 492 1143 mihi
513 1105 553 1142 in
574 1112 744 1143 mentem
765 1105 877 1144 fuit.”
897 1104 1125 1157 (suddenly,
1144 1106 1224 1144 this
1241 1106 1448 1156 moment.)
1482 1106 1566 1144 Mil.
1585 1112 1698 1154 1389.

170 1185 195 1201 “
214 1179 335 1217 Haud
353 1180 495 1226 etiam3
526 1194 678 1219 numero
696 1181 795 1220 dicis
813 1181 924 1220 hoc.''
954 1181 1257 1232 (prematurely‚
1284 1188 1352 1220 too
1370 1183 1497 1233 soon.)
1545 1182 1695 1221 Poenul.

173 1259 283 1293 1130.
338 1260 361 1276 “
374 1254 457 1293 Cur
475 1269 627 1294 numero
644 1256 736 1294 estis
754 1256 900 1294 mortui
912 1257 954 1294 ?¹’
983 1256 1153 1308 (lately.)

241 1347 331 1380 203.
394 1335 576 1398 Nunc]
640 1342 734 1382 But
755 1355 875 1388 now,·
908 1343 1010 1394 only
1023 1343 1136 1395 just.

241 1439 329 1473 205.
395 1429 590 1491 Sam-ea]
648 1439 795 1478 Gnou:
836 1439 945 1478 Lea„
984 1440 1114 1478 Plaut„
1168 1441 1345 1479 ”sacres
1377 1441 1563 1479 dioebant
1591 1441 1695 1479 vett.

168 1516 285 1554 tertia
318 1517 591 1563 declinatione,
635 1532 708 1569 pro
743 1532 824 1570 quo
860 1532 932 1558 nos
969 1519 1142 1558 secunda
1176 1520 1318 1559 declin.
1355 1526 1527 1558 sacrm.“
1591 1519 1697 1557 Citat

171 1590 315 1628 Lan:
348 1591 488 1637 Varro,
517 1591 607 1630 Lib.
628 1591 684 1629 11.
721 1593 778 1630 Re
806 1593 916 1631 Rust.
942 1594 1036 1645 Cap.
1061 1600 1092 1632 1.
1120 1601 1160 1632 et
1184 1594 1280 1645 Cap.
1300 1599 1336 1632 4.
1391 1593 1509 1632 Unde
1532 1601 1696 1645 apparet

167 1665 223 1703 sic
257 1665 382 1704 dictos
423 1680 506 1704 esse
541 1680 681 1719 porcos
717 1674 779 1705 “a
823 1667 888 1706 die
923 1668 1076 1706 decimo
1111 1676 1202 1720 post
1236 1675 1409 1719 partum,
1455 1668 1563 1719 quod
1607 1675 1694 1706 tum

167 1740 217 1778 ad
247 1741 481 1780 sacrificium
510 1741 642 1780 idonei
671 1742 910 1781 haberentur
941 1743 1150 1795 primuml'
1204 1743 1333 1783 Addit
1362 1743 1412 1782 de
1442 1757 1515 1781 suo
1544 1743 1691 1781 Lanu:

166 1815 370 1853 ”Laribus
411 1816 717 1855 immolabantur
759 1817 799 1854 hi
836 1818 946 1868 porci
983 1831 1123 1863 sacres,
1166 1831 1245 1856 non
1284 1818 1412 1856 solum
1447 1819 1497 1873 ab
1531 1818 1691 1862 insanis,

167 1902 302 1926 verum
350 1890 468 1927 etiam
510 1891 560 1928 ab
610 1891 658 1928 iis
713 1891 859 1942 quibus
902 1900 1018 1930 aucta
1061 1899 1145 1930 erat
1189 1892 1378 1930 familia.“
1443 1892 1549 1931 Rud.
1581 1898 1691 1932 1108.

166 1962 365 2001 “Adorna
393 1972 438 2001 ut
464 1977 546 2002 rem
576 1965 752 2002 divinam
779 1966 1123 2004 faciam Laribus
1149 1966 1422 2013 familiaribus,
1454 1980 1575 2018 quom
1601 1981 1691 2005 nos-

164 2045 263 2075 tram
291 2046 486 2077 auxerunt
512 2039 715 2077 familiam.
770 2040 871 2078 Sunt
897 2040 1003 2078 domi
1031 2042 1138 2091 agni,
1170 2049 1210 2079 et
1232 2041 1343 2093 porci
1375 2044 1541 2079 sacres.”
1597 2043 1696 2081 Huc-

164 2113 345 2164 pertinet,
376 2113 473 2151 Hor.
493 2113 576 2152 Sat.
597 2114 653 2152 11.
677 2127 743 2152 111.
766 2114 850 2154 164.
907 2115 1128 2154 “Immolet
1151 2117 1276 2167 aequis
1302 2116 1384 2156 Hic
1403 2131 1557 2169 porcum
1577 2118 1691 2156 Lari-

163 2188 274 2225 bus.”
330 2187 518 2226 Eustath:
563 2188 604 2226 in
640 2190 744 2227 notis
778 2190 829 2228 ad
867 2190 987 2228 Iliad:
1029 2189 1074 2228 -r'.
1105 2190 1173 2236 ait,
1202 2192 1407 2230 ”Porcum
1434 2193 1485 2230 ab
1515 2192 1690 2243 antiquis

162 2262 426 2300 existimatum
472 2276 556 2302 esse
596 2263 646 2301 ad
690 2264 933 2315 expiationes
976 2264 1206 2311 idoneum,“
1241 2273 1462 2317 testemque
1503 2267 1691 2318 producit

164 2337 406 2388 AEscbylum‚
452 2339 543 2391 Πρὶν
585 2337 630 2376 (ἲν
674 2338 883 2387 παλαγμὸῖς
928 2342 1086 2388 αἵματος
1131 2340 1433 2394 χοιροκτόνον
1476 2342 1600 2380 Αὐτός
1643 2359 1687 2380 σε

163 2409 298 2463 χρόνοι
325 2412 409 2450 Zetis
437 2413 689 2466 καταστάξας·
717 2419 857 2467 χεροῖν.

253 2519 311 2525 -
386 2493 605 2560 sinceri]
665 2499 859 2542 without
884 2507 981 2555 opat
1010 2516 1060 2543 or
1088 2503 1276 2543 meamet..
1332 2506 1413 2553 Qui
1449 2507 1556 2558 apud
1587 2508 1684 2546 var.

162 2591 310 2627 ronem,
341 2581 478 2633 (supra
506 2582 589 2633 cit.)
647 2583 744 2621 Puri
772 2585 1031 2636 appellantur.
1086 2576 1234 2624 (ἤισκε
1262 2586 1372 2625 Lect.
1402 2587 1554 2625 Plautx’
1594 2584 1683 2627 Sin-

161 2653 252 2698 ceri,
289 2654 386 2693 nihil
421 2657 529 2695 aliud
565 2666 658 2696 sunt
689 2672 806 2710 quam
842 2661 933 2711 puri
964 2669 1005 2699 et
1040 2662 1123 2699 sine
1161 2661 1250 2699 labe
1285 2661 1473 2713 corporis,
1518 2663 1682 2714 integri:

163 2727 268 2765 Nam
305 2728 379 2768 hoc
420 2732 694 2782 requirebatur
729 2734 770 2772 in
808 2735 988 2780 victimis,
1034 2749 1159 2786 eaque
1194 2736 1244 2775 de
1278 2750 1408 2783 causa,
1452 2738 1682 2790 priusquam

161 2811 435 2850 mactarentur,
462 2804 771 2858 inspiciebantur
789 2824 813 2849 a
830 2810 1135 2850 sacerdotibus.“
1192 2810 1386 2856 Sinceras,
1418 2812 1682 2866 Etymologiae
