1864 3152
629 242 697 285 IN
731 241 1168 284 MENAECHMOS.
1568 240 1656 281 205

136 374 247 419 moti,
278 373 392 425 quasi
420 372 541 411 larvis
568 371 788 411 exterriti.“
841 371 933 410 Aul.
963 370 1050 417 596.
1104 375 1131 392 “
1145 368 1290 408 Lariioe
1319 367 1427 405 hunc
1453 373 1574 417 atque
1602 367 1664 404 in-

138 449 341 501 temperiae
372 448 524 500 agitant
554 448 723 486 senem-'²
775 445 925 498 Amph.
956 446 1045 486 625.
1098 444 1239 483 “Haec
1269 442 1432 495 quidem
1466 441 1666 480 laruarum

139 525 291 577 plena?

226 656 290 664 —
362 622 616 683 Cerritus]
670 626 1020 668 Ceres-strichen.
1076 628 1113 666 A
1136 627 1273 666 cerere
1289 627 1473 678 agitatus.
1516 624 1665 677 Amph.

140 710 228 750 624.
284 710 432 759 “Quin
460 717 506 748 tu
534 709 660 747 istanc
686 708 806 759 jubes
839 707 916 744 Pro
946 705 1086 744 cerrita
1122 704 1402 744 circumferri.”
1447 696 1557 742 Ἠοῖ.
1585 704 1665 743 Sat.

141 786 197 824 11.
217 798 283 824 111.
302 791 390 830 278.
445 790 471 807 “
487 782 662 822 Cer-ritus
685 782 788 820 fuit?
818 794 868 819 an
895 787 1100 820 commotae
1122 779 1286 818 crimine
1306 779 1449 818 mentis
1467 778 1663 817 Absolves

140 859 388 898 hominem?”
435 858 546 910 (quae
582 857 720 896 citavit
756 856 913 906 LAun.)
968 854 1109 893 Simill.
1144 861 1249 900 sunt,
1281 854 1445 906 panicus
1485 868 1509 892 a
1544 853 1663 898 Pan;

140 934 333 972 lunaticus
366 949 390 973 a
418 934 548 979 Luna,
584 940 631 972 ut
659 932 759 971 Hor.
789 933 868 970 Ars
898 931 941 969 P.
971 936 1058 970 454.
1111 930 1235 968 “Aut
1268 929 1463 968 fanaticus
1490 942 1600 968 error
1625 936 1667 969 et

141 1010 332 1049 iracunda
358 1009 530 1048 Diana.”
557 1008 627 1047 ubi
639 1007 850 1059 fanaticus
873 1006 1005 1052 etiam,
1033 1020 1055 1044 a
1084 1004 1248 1051 Faunis,
1279 1005 1375 1050 sive,
1406 1005 1469 1056 (ut
1501 1005 1568 1043 alii
1599 1018 1668 1043 vo-

141 1084 262 1136 lunt,)
305 1098 329 1123 a
366 1083 487 1122 Funis
527 1082 746 1134 perculsus.
783 1080 977 1131 (frantie.)
1022 1079 1275 1132 lymphaticus
1314 1093 1339 1117 a
1377 1078 1553 1131 lymphis,
1596 1092 1666 1117 seu

142 1157 330 1210 nymphis.
357 1159 429 1196 διο.
481 1157 588 1196 Vide
615 1157 711 1194 Eur.
740 1155 907 1207 Hippol.
939 1159 1023 1193 140.
1052 1167 1139 1205 sqq.

217 1267 306 1306 790.
371 1254 647 1312 veternus]
700 1257 934 1311 Lethargy.
997 1260 1162 1300 Dictum
1180 1275 1204 1299 a
1220 1265 1348 1303 wius,-
1378 1259 1472 1311 quia
1493 1259 1545 1298 sit
1561 1259 1670 1299 labes

144 1343 365 1381 inveterata.
416 1341 523 1380 Citat
543 1341 689 1379 Lm:
728 1341 828 1379 Hor.
856 1340 935 1391 Ep.
962 1340 994 1378 1.
1024 1352 1119 1378 v111.
1150 1345 1208 1379 10.
1262 1338 1383 1377 “Cur
1416 1352 1481 1377 me
1510 1339 1671 1378 funesto

144 1425 357 1470 properent
373 1431 506 1456 arcere
523 1417 707 1455 veterno.'’
734 1416 777 1468 (i.
790 1430 823 1454 e.
850 1415 994 1454 mentis
1010 1416 1201 1467 torpore.)
1255 1415 1309 1453 Et
1325 1413 1443 1466 Virg.
1461 1414 1512 1452 G.
1530 1414 1566 1455 1.
1584 1420 1670 1454 124.

145 1501 172 1517 “
186 1494 275 1532 Nec
290 1501 448 1544 torpere
464 1491 579 1543 gravi
595 1504 735 1543 passus
752 1504 824 1529 sua
840 1504 963 1541 regna
980 1490 1165 1528 veterno.”
1201 1489 1292 1527 Ter.
1312 1489 1419 1527 Eun.
1438 1489 1511 1527 IV.
1530 1502 1589 1528 ιν.
1606 1495 1671 1528 21.

144 1576 172 1593 “
188 1570 414 1608 Vetemaosus
449 1568 604 1606 senex.''
648 1566 719 1605 ubi
754 1565 929 1604 DouA‘r:
968 1567 990 1582 ''
1003 1564 1141 1604 Morbo
1174 1570 1297 1603 vetere
1332 1565 1550 1612 confectus,
1591 1565 1618 1605 i.
1636 1578 1672 1606 e.

146 1650 316 1683 veterno:
346 1642 482 1694 quales
508 1648 601 1680 sunt
626 1642 697 1692 qui
723 1640 945 1692 hydropem
970 1640 1220 1691 patiuntur.“

232 1771 297 1778 —
371 1741 520 1807 Aqua
552 1740 797 1802 intercus]
868 1744 1013 1785 Water
1045 1743 1190 1785 under
1222 1743 1294 1784 the
1326 1743 1429 1784 skin
1446 1760 1461 1791 ,·
1499 1744 1671 1798 dropey.

148 1827 268 1877 Aqua
311 1824 409 1862 inter
452 1828 581 1862 cutem.
625 1821 805 1875 ‘'YBpuxlae.
860 1820 990 1859 Plaut.
1027 1819 1175 1858 Frivol.
1210 1820 1367 1872 Fragm-
1404 1826 1441 1859 2.
1488 1819 1574 1870 (cit.
1609 1833 1674 1872 ap.

148 1899 336 1938 Priscian,
363 1897 461 1949 VI.)
515 1896 594 1934 “Is
619 1895 719 1934 mihi
744 1903 828 1934 erat
852 1894 957 1940 bilis,
984 1908 1083 1947 aqua
1109 1893 1287 1940 intercus,
1314 1894 1469 1933 tussis.”

230 2027 300 2036 —
370 1994 567 2063 Tenet]
629 2001 847 2042 Posseeses
868 2001 970 2041 him.
1015 2003 1107 2042 Hoc
1134 2017 1251 2042 sensu
1276 2003 1374 2042 JuV.
1391 2003 1473 2042 Sat.
1493 2003 1589 2045 VII.
1608 2009 1673 2043 51.

149 2094 177 2111 “
190 2087 306 2126 Tenet
331 2085 548 2124 insanabile
574 2084 720 2122 multos
747 2081 958 2121 Scribendi
984 2083 1225 2122 cacoethes?
1280 2083 1392 2121 Nost.
1419 2082 1568 2134 Amph.
1587 2081 1680 2121 426.

151 2161 318 2199 “Pestis
353 2164 452 2198 tenet
491 2160 566 2198 te.'’
618 2157 713 2197 Aul.
732 2162 794 2196 32.
849 2156 1031 2195 “Nescio
1063 2157 1144 2209 pol,
1186 2170 1277 2209 quae
1311 2156 1438 2196 illunc
1473 2156 1676 2195 hominem

148 2236 393 2288 intemperiae
418 2235 576 2273 tenent?

222 2341 312 2381 794.
375 2329 539 2389 Cura]
579 2334 694 2374 ”Hic
707 2334 877 2373 sumitur
888 2347 963 2386 pro
973 2334 1151 2387 θεραπεία
1161 2334 1420 2373 medicorum.
1459 2333 1551 2372 vid.
1565 2333 1677 2372 Dos.

150 2417 202 2455 ad
227 2417 320 2456 Ter.
347 2416 451 2454 Eun.
481 2415 536 2453 11.
563 2427 633 2452 111.
660 2419 724 2453 24.
778 2412 1004 2452 “Reddunt
1037 2418 1221 2451 curatura
1252 2412 1483 2464 junceas.’'“
1536 2411 1678 2450 (ἔων.

150 2492 285 2530 Verba
308 2491 352 2528 in
376 2490 451 2529 loc.
477 2489 543 2528 cit.
571 2495 675 2534 sunt,
700 2488 833 2526 ”Vett-
851 2487 1110 2526 Grammatici
1130 2500 1225 2526 cura
1249 2486 1390 2525 dicunt
1411 2499 1497 2524 esse
1518 2485 1677 2532 mentis,

152 2566 301 2605 curatio
324 2565 544 2610 medicinae,
571 2569 755 2602 curatura
781 2562 998 2614 diligentiae
1005 2577 1019 2609 ς
1057 2562 1166 2614 quod
1192 2561 1404 2600 discrimen
1430 2574 1510 2600 non
1534 2574 1679 2613 perpe-

152 2649 270 2679 tuum
294 2646 378 2686 θεῖς
404 2652 497 2678 nam
522 2651 618 2677 cura
644 2644 685 2676 et
710 2636 857 2675 curatio
882 2649 988 2688 saepe
1013 2636 1064 2675 de
1089 2649 1254 2687 corpore
1280 2635 1468 2674 dicitur.“

228 2751 317 2791 795·
380 2737 689 2795 sexcenties-J
745 2745 1106 2796 Frequentissimus
1122 2744 1230 2797 apud
1248 2744 1414 2784 Veteres
1430 2744 1555 2797 hujus
1570 2745 1682 2784 vocis

110 2867 119 2872 ,
154 2840 263 2872 usus,
283 2826 353 2865 ubi
366 2825 557 2877 irfinitum
570 2837 668 2877 pene
680 2836 890 2863 numerum
904 2823 1112 2875 designare
1128 2823 1277 2862 volunt.
1318 2822 1436 2864 Habe
1454 2836 1504 2862 ex
1518 2823 1681 2869 Nostro,
