1864 3152
156 234 217 291 74
751 235 815 277 M.
853 234 899 276 Α.
935 235 1174 278 PLAu'm

159 364 273 414 Mu.
290 365 552 421 Provisam,
589 380 728 429 quam
765 381 875 413 mox
909 366 979 413 vir
1012 382 1146 414 meus
1177 364 1338 414 redeat
1369 365 1577 414 domum.

289 449 387 499 Sed
420 465 581 498 eccum
610 449 771 497 video!
812 449 952 497 Salva
986 465 1117 498 sum:
1153 449 1329 514 pallam
1364 450 1521 499 refert.

158 532 270 581 ME.
293 533 340 582 S.
375 532 618 589 Demiror,
652 533 735 581 ubi
770 549 900 582 nunc
933 533 1146 582 ambulet
1183 533 1440 581 Messenio.

155 615 270 665 Mu.
290 615 472 672 Adibo,
507 623 651 680 atque
678 615 921 664 hominem
953 617 1179 681 accipiam
1212 617 1383 681 quibus
1414 616 1557 665 dictis
1584 624 1748 665 meret.

288 698 402 749 Non
438 708 487 749 te
521 700 672 764 pudet
703 700 891 765 prodire
923 701 971 748 in
1008 708 1309 766 conspectum
1345 718 1520 755 meum,

1671 706 1750 746 610

287 784 559 850 Flagitium
583 783 806 841 hominis,
835 802 941 833 cum
966 785 1085 835 istoc
1107 787 1313 834 ornatu?

1267 868 1382 916 ΜΕ.
1402 868 1450 916 S.
1477 869 1614 926 Quid
1637 877 1710 917 est
1725 871 1748 915 ‚2

286 951 406 1009 Quae
438 969 511 1001 res
543 953 697 1016 agitat
731 959 793 1008 te,
826 952 1035 1001 mulier?

1033 1036 1146 1085 Mu.
1180 1035 1424 1092 Etiamne,
1460 1038 1726 1102 impudens,

285 1118 497 1169 Muttire
526 1121 721 1169 verbum
752 1137 904 1169 unum
939 1120 1099 1176 audes,
1134 1129 1221 1168 aut
1255 1137 1440 1169 mecum
1476 1120 1642 1185 loqui?

151 1202 265 1251 ME.
287 1203 335 1251 S.
368 1203 504 1261 Quid
534 1202 727 1252 tandem
750 1203 921 1252 admisi
945 1204 996 1252 in
1020 1220 1111 1259 me,
1148 1211 1203 1251 ut
1231 1203 1362 1268 loqui
1386 1220 1480 1251 non
1507 1203 1706 1252 audeam
1722 1206 1745 1250 ἶ)

150 1286 265 1336 MU.
282 1287 448 1353 Rogas
483 1290 594 1336 me?
642 1287 874 1337 Hominis
908 1288 1238 1353 impudentem
1274 1287 1545 1336 audaciam!

1669 1293 1746 1332 615

150 1369 264 1420 ΜΕ.
286 1371 336 1421 S.
372 1370 484 1420 Non
520 1379 577 1420 tu
611 1372 713 1428 scis,
751 1371 937 1427 mulier,
975 1370 1229 1420 Hecubam
1262 1379 1547 1436 quapropter
1582 1387 1743 1419 canem

282 1457 417 1506 Graii
454 1474 554 1506 esse
586 1457 945 1522 praedicabant?

918 1540 978 1588 M
984 1554 1032 1587 U.
1069 1538 1181 1587 Non
1217 1538 1435 1603 equidem
1473 1539 1580 1587 scio.

147 1622 260 1671 ΜΕ.
281 1623 329 1673 S.
362 1623 495 1682 Quia
523 1623 652 1673 idem
682 1623 886 1672 faciebat
913 1621 1134 1679 Hecuba,
1171 1623 1297 1687 quod
1327 1630 1382 1671 tu
1411 1639 1540 1671 nunc
1569 1620 1710 1669 facis:

279 1705 461 1755 Omnia
494 1707 620 1756 mala
653 1708 915 1773 ingerebat,
951 1723 1235 1771 quemquem
1272 1712 1543 1770 aspexerat:

206 1823 231 1841 v.
248 1816 304 1842 ωθ.
340 1817 452 1848 Quibus,
480 1820 618 1849 pronum:
644 1816 866 1848 quibua—611.
888 1816 1046 1848 monium,
1068 1821 1125 1841 non
1146 1815 1397 1847 inuexit—812.
1418 1814 1446 1839 B.
1462 1815 1484 1844 1,
1508 1814 1537 1839 Β.
1551 1822 1574 1843 e.
1598 1816 1623 1840 te
1638 1815 1744 1847 afim.-

143 1857 218 1891 quod
237 1857 383 1883 verisimile
398 1861 446 1889 est,
471 1860 495 1885 ει
511 1864 568 1884 non
584 1857 778 1884 elba—61³.
798 1858 828 1883 B.
844 1858 865 1887 1,
887 1857 917 1882 Β.
930 1864 954 1887 c,
974 1857 1079 1882 Mueire
1097 1863 1183 1881 unum
1202 1856 1438 1881 «rhun—81⁴.
1457 1856 1541 1881 Codd.
1562 1856 1648 1880 nostri
1666 1857 1694 1880 θη
1712 1858 1743 1883 te.

144 1906 195 1932 βο
206 1899 238 1925 in
247 1905 296 1930 ne,
310 1899 539 1926 babent—⁶15.
555 1900 608 1929 Με,
620 1905 677 1925 uon
688 1899 937 1931 liquuit—617.
958 1898 987 1923 B.
1000 1899 1021 1928 1,
1034 1898 1065 1923 B.
1076 1905 1099 1929 c,
1115 1898 1332 1923 omen—619.
1353 1898 1463 1926 onnia.
1476 1898 1515 1923 in
1523 1897 1606 1922 codd.
1620 1898 1745 1922 nostri.—

145 1942 316 1974 Qua-qum,
334 1942 436 1972 nau.
454 1941 632 1975 ”lagadun
648 1942 719 1968 fonte
733 1948 870 1973 qumque,
888 1941 905 1966 i.
919 1948 942 1966 e.
960 1946 1153 1972 quen-cunque,
1170 1940 1243 1972 quod
1264 1939 1362 1965 Plauto
1377 1939 1534 1972 stoquemw
1561 1940 1590 1965 Β.
1605 1940 1627 1968 1,
1644 1947 1740 1971 φυηρ.

144 1983 176 2009 Β.
192 1990 217 2014 c,
233 1989 337 2015 «ιιι-ις.
356 1987 501 2010 conum.

195 2058 286 2100 612.
342 2059 437 2105 Quoe
459 2073 521 2099 ree
537 2059 663 2112 agitat
683 2064 719 2098 te
731 2059 781 2112 2]
828 2059 906 2098 Su-

141 2135 216 2176 pra
232 2123 325 2165 236.

194 2209 284 2251 614.
319 2209 423 2254 Quid
434 2209 584 2249 tandem
596 2209 734 2248 admisi
744 2209 847 2247 inme
856 2209 905 2262 ἓ]

143 2278 155 2296 ‘
167 2272 292 2313 What
310 2273 426 2320 fault,
456 2273 476 2312 1
495 2286 610 2326 pray,
639 2272 740 2312 have
760 2273 778 2311 1
799 2286 907 2312 com-

141 2336 298 2384 mitted,
326 2337 413 2377 that
437 2337 457 2377 1
477 2337 623 2377 should
646 2337 697 2376 be
720 2336 907 2376 ashamed

140 2406 185 2439 to
201 2400 367 2454 speak?
412 2401 517 2440 Vide
536 2401 578 2440 in
598 2400 728 2440 Gloss-

192 2490 283 2530 615.
337 2490 519 2531 Hominis
546 2490 794 2544 impudentem
832 2504 903 2529 au-

138 2553 292 2593 daciam
302 2554 347 2609 l]
375 2555 488 2595 ‘The
513 2555 753 2608 impudence
770 2555 818 2593 of
837 2555 905 2594 the

138 2617 273 2658 fellow
290 2620 312 2657 Γ
332 2618 386 2658 Ὢ
405 2619 473 2666 τῆς
489 2618 769 2673 ‹innexum-iae.

191 2704 283 2746 616.
340 2706 576 2760 Hecubam]
636 2706 766 2752 Huic,
810 2704 904 2757 quia

138 2768 348 2810 maledicta
362 2771 403 2810 in
421 2770 654 2811 universum
669 2770 902 2810 Graecorum

138 2834 357 2875 exercitum
404 2834 560 2875 assidue
597 2833 815 2887 ingerebat,
861 2832 900 2870 in

975 2071 1112 2097 canem
1132 2071 1286 2097 versam
1311 2072 1395 2097 esse
1414 2058 1589 2097 tradunt.
1644 2059 1738 2098 Juv.

975 2122 1055 2161 Sat.
1080 2123 1129 2161 X.
1160 2128 1248 2167 271.
1305 2122 1424 2162 “Sed
1453 2130 1567 2161 torva
1602 2123 1741 2162 canino

975 2186 1154 2224 Latravt't
1174 2186 1288 2232 rictu,
1309 2200 1400 2238 quoe
1419 2195 1510 2239 post
1527 2187 1637 2226 hunc
1653 2188 1739 2225 vix-

975 2257 1059 2288 erat
1093 2252 1230 2288 uxor.”
1284 2250 1368 2289 Cic.
1395 2250 1514 2290 Tusc.
1547 2251 1627 2299 Qu.
1660 2251 1739 2289 111.

977 2320 1001 2336 “
1019 2314 1230 2353 Hecubam
1257 2322 1403 2361 autem,
1431 2323 1595 2367 propter
1617 2316 1737 2354 animi

974 2379 1229 2418 acerbitatem
1260 2378 1460 2430 quandam
1497 2387 1537 2418 et
1574 2380 1737 2424 rabiem,

975 2441 1070 2493 fingi
1108 2442 1150 2481 in
1183 2455 1320 2482 canem
1353 2455 1438 2481 esse
1474 2446 1738 2482 conversam.u

973 2504 1110 2543 Laut.
1165 2505 1289 2557 Apud
1310 2504 1413 2543 Plin.
1434 2504 1488 2543 N.
1507 2505 1560 2544 H.
1580 2505 1655 2544 IV.
1679 2512 1737 2545 11.

974 2566 1202 2620 Cynossema
1235 2567 1371 2618 (Κυνός
1401 2568 1532 2619 Σῆμα)
1560 2569 1736 2621 appella·

971 2639 1037 2670 tur
1067 2631 1249 2671 Hecubae
1276 2630 1469 2670 tumulus.
1525 2632 1665 2671 Gau-r.

1021 2704 1112 2752 619.
1146 2704 1283 2744 Omnia
1297 2703 1399 2743 mala
1414 2705 1623 2757 ingerebat,
1636 2706 1735 2758 ete]

970 2774 981 2790 ‘
995 2768 1163 2821 Hesped
1177 2767 1229 2807 all
1244 2780 1409 2807 muner
1427 2769 1476 2806 of
1487 2769 1611 2808 abuse
1626 2781 1733 2821 upon

972 2831 1240 2871 whomnoever
1253 2830 1322 2870 the
1334 2832 1438 2870 saw!
1479 2831 1736 2871 constructio
