1864 3152
755 276 1099 309 PRAEFATIO.
1621 259 1685 306 vii

168 396 555 461 diligentiaeque
603 394 766 443 debeo
808 393 1024 443 Thomae
1069 391 1292 457 Wright‚
1345 391 1504 457 hujus
1549 391 1682 439 Aca—

168 482 350 531 demiae
384 481 520 529 inter
553 480 761 546 optimae
796 480 909 546 spei
946 480 1199 535 alumnos,
1235 478 1382 526 nulla
1416 494 1519 526 non
1556 476 1683 525 libe-

171 571 266 619 rali
309 579 418 620 arte
453 571 658 628 imbuti,
702 570 963 619 nullarum
1000 586 1103 618 non
1143 569 1433 617 litterarum
1472 567 1685 617 cultoris

171 660 595 724 ingeniosissimi.
666 659 870 708 Horum
931 675 1051 707 vero
1115 656 1386 715 Codicum,
1441 657 1687 723 temporis

170 749 440 814 angustiis,
479 739 748 812 'rebusque
791 747 995 803 alienis,
1040 748 1116 805 (ut
1161 746 1222 794 fit
1269 745 1322 793 in
1365 746 1494 794 urbe
1540 761 1686 812 pere-

170 838 319 902 grina
367 837 620 901 visenda,)
670 836 958 902 praeclusus
1013 852 1170 893 eram,
1223 852 1290 884 ne
1344 835 1445 883 nisi
1494 835 1688 883 cursim

171 928 515 976 evolutionem
557 927 798 975 facerem.
869 925 1021 982 Quod
1069 925 1231 990 potui,
1281 931 1578 972 accuratam
1616 923 1687 972 lo-

168 1034 347 1067 corum
412 1017 641 1066 maxime
699 1023 1003 1064 vexatorum
1061 1013 1454 1079 inquisitionem
1513 1013 1688 1070 habui,

172 1115 223 1156 et
268 1123 333 1155 ex
373 1105 455 1154 his
487 1105 653 1153 tribus
686 1103 968 1153 Codicibus
1009 1102 1075 1151 ad
1108 1118 1198 1151 eos
1229 1109 1431 1150 tantum
1463 1101 1688 1166 compla-

174 1194 375 1243 nandos
410 1193 608 1242 auxilia
647 1209 782 1241 nova
822 1191 1071 1257 expetivi.
1143 1191 1199 1240 Si
1235 1191 1363 1256 quid
1409 1191 1532 1240 inde
1573 1207 1689 1256 pro-

174 1283 400 1340 fecerim,
458 1282 669 1330 videant
729 1280 935 1346 judicia
996 1280 1318 1339 elimatiora3
1378 1296 1462 1329 me
1517 1288 1691 1329 tamen

175 1372 372 1419 interea
415 1369 579 1435 pudet
630 1367 967 1434 poenitetque‚
1021 1368 1160 1432 quod
1210 1384 1314 1416 non
1355 1366 1475 1432 plus
1521 1384 1692 1432 operae

174 1461 240 1509 iis
279 1458 464 1509 studiis
509 1474 726 1524 peregre
766 1456 1080 1513 navaverim‚
1125 1456 1263 1505 unde
1304 1455 1444 1505 domi
1484 1463 1538 1504 et
1576 1471 1693 1505 nos-

180 1558 285 1598 tras
340 1549 538 1597 litteras
597 1563 788 1611 augere
846 1547 1148 1612 potuissem,
1215 1554 1269 1594 et
1325 1545 1393 1593 ad
1447 1545 1696 1594 Veterum

178 1636 503 1702 Scriptorum
563 1633 995 1689 emendationem,
1057 1632 1359 1680 Germanici
1424 1632 1694 1690 acuminis,

176 1724 503 1774 Germanicae
564 1723 831 1772 industriae
886 1722 1202 1787 exemplum,
1271 1721 1457 1770 hausto
1519 1738 1695 1770 eorum

179 1815 311 1864 coelo
340 1831 434 1879 per
470 1814 686 1862 duorum
725 1813 943 1861 triumve
977 1812 1232 1861 mensium
1267 1812 1510 1877 spatium,
1549 1811 1694 1861 exhi-

179 1903 427 1952 buissem.

283 2079 436 2136 Quod
475 2078 541 2126 ad
573 2078 758 2127 Libros
791 2079 976 2127 Editos
1013 2078 1253 2143 pertinet,
1283 2078 1475 2142 quibus
1510 2079 1564 2126 in
1601 2078 1698 2126 hac

182 2167 362 2216 fabula
401 2167 519 2233 plus
554 2168 790 2216 minusve
826 2184 954 2216 usus
994 2167 1107 2223 sim,
1150 2183 1254 2215 non
1294 2175 1375 2215 est
1410 2182 1503 2214 cur
1539 2167 1702 2215 multa

183 2254 420 2313 referam,
476 2272 596 2304 cum
648 2273 817 2321 neque
862 2256 1038 2313 semel,
1100 2256 1269 2313 credo,
1331 2257 1444 2304 sine
1493 2255 1701 2304 nomine

184 2347 238 2393 in
273 2345 354 2394 his
388 2346 595 2411 paginis
632 2363 809 2395 eorum
848 2347 1130 2397 auctoritas
1169 2346 1493 2403 adhibeatur,
1534 2353 1585 2394 et
1619 2345 1702 2393 vel

184 2435 397 2484 aliunde
430 2435 494 2494 (si
526 2436 647 2501 quis
684 2436 846 2500 velit,)
884 2437 1097 2502 copiosa
1129 2436 1255 2485 satis
1294 2452 1470 2484 eorum
1509 2450 1701 2483 memo—

185 2524 316 2572 ratio
344 2531 632 2590 expetatur.
694 2524 944 2573 Bothium
968 2524 1180 2590 quidem
1211 2539 1341 2579 sum,
1374 2530 1431 2572 ut
1455 2522 1509 2570 in
1533 2521 1703 2587 priore

187 2613 381 2671 fabula,
438 2614 747 2680 plerumque
791 2623 1015 2671 secutus,
1074 2612 1198 2678 quia
1245 2610 1703 2677 praestantissimus

188 2718 353 2767 usque
383 2703 571 2762 adhuc,
603 2704 726 2753 licet
761 2711 900 2752 certe
931 2701 1308 2752 audacissimus
1338 2700 1491 2756 idem,
1526 2698 1702 2748 Plauti

190 2790 462 2841 Editorum
504 2793 631 2842 mihi
668 2794 807 2841 visus
850 2800 942 2842 est.
1017 2791 1121 2841 Sed
1161 2797 1377 2838 caveant
1419 2788 1508 2852 qui
1549 2787 1704 2852 hujus
