1864 3152
600 254 783 290 INDEX
815 255 876 288 IN
911 254 1307 289 AULULARIAM.

156 381 280 430 Quasi
298 380 449 418 ferrum
469 377 634 429 crepuit.
670 381 756 422 199.

156 451 280 500 Quasi
316 450 451 503 pueris
486 449 555 501 qui
601 461 696 487 nare
743 446 914 485 discunt.

236 533 323 567 550.

159 604 253 651 Qui.
281 602 399 642 ablat.
428 600 515 640 265.

159 677 252 725 Qui.
283 674 401 713 ablat.
433 686 507 725 pro
524 686 599 725 qua
620 685 673 710 re.
700 677 789 718 294.

160 751 254 799 Qui.
282 749 415 802 proin
433 739 591 800 quibus.
618 746 707 787 456.

162 822 256 870 Qui.
291 819 615 871 (Wherewitltal.)
648 824 734 858 144.
754 824 842 858 331.

163 895 270 942 Quia
286 907 367 931 non
383 892 550 945 pendes.
578 897 667 938 597.

163 969 322 1017 Quibus
339 977 380 1007 et
397 968 556 1020 quantis
575 968 744 1019 gaudiis.
778 966 866 1011 765.

161 1041 271 1088 Quid
288 1054 415 1092 agam.
446 1040 568 1090 (Hom
590 1040 616 1078 I
632 1040 710 1090 do.)
739 1045 801 1083 78.

161 1117 275 1164 Quid
292 1116 408 1167 agis?
439 1122 527 1162 491.

166 1191 277 1239 Quid
294 1193 398 1242 ego?
429 1196 516 1229 342.

165 1263 276 1312 Quid
293 1263 443 1302 emerui
460 1263 581 1301 mali?
612 1264 700 1309 692.

165 1338 275 1386 Quid
292 1352 356 1377 me
374 1340 508 1377 nunc?
542 1344 628 1377 132.

165 1413 277 1461 Quid
303 1426 407 1451 nam.
430 1427 504 1464 per
536 1413 667 1451 ἐπιθείη
702 1413 911 1466 disjuncta.

245 1492 333 1526 381.

166 1560 276 1609 Quid
293 1559 442 1611 negotii
460 1562 546 1598 est?
576 1566 664 1599 252.

166 1636 278 1684 Quid
292 1649 396 1688 opus
413 1642 474 1674 est
492 1636 637 1674 verbis.
666 1641 754 1674 422.
773 1635 861 1674 426.

168 1710 279 1759 Quid
295 1724 430 1749 rerum
446 1723 593 1761 geram.
627 1716 684 1749 15.
707 1715 768 1753 78.

170 1786 281 1835 Quid
299 1787 332 1824 si
349 1786 482 1824 fanis?
515 1791 604 1829 733.

168 1862 279 1910 Quid
303 1862 335 1900 si
360 1860 557 1913 quispiam
580 1861 716 1911 ignem
746 1861 918 1912 quaerit?

247 1941 310 1976 52.

171 2008 281 2056 Quid
297 2008 371 2047 tibi
389 2010 478 2047 est?
512 2013 597 2054 199.

171 2081 283 2129 Quid
299 2081 373 2120 tibi
390 2095 518 2120 meam
536 2082 657 2121 tactio
674 2084 759 2120 est?
789 2087 878 2126 701.

172 2154 283 2202 Quid
299 2154 374 2192 tibi
390 2166 548 2192 mecum
565 2155 817 2193 commercii?
839 2160 926 2194 585.

173 2228 284 2276 Quid
300 2227 375 2265 tibi
393 2240 466 2265 nos
483 2227 604 2266 tactio
620 2230 706 2266 est?
735 2234 823 2272 377.

173 2302 284 2350 Quid
301 2304 374 2340 tu?
407 2306 492 2340 140.

175 2377 283 2424 Quin
301 2389 378 2427 ego
395 2375 511 2414 dico?
542 2380 630 2419 772.

175 2450 424 2501 Quingentos
442 2463 568 2488 cocos.
597 2455 683 2490 508.

176 2523 336 2574 Quippe
354 2523 411 2561 nil
429 2522 537 2561 intus
555 2536 707 2561 servem
722 2524 732 2560 Ξ
762 2529 823 2562 42.

177 2596 339 2648 Quippe
356 2597 436 2648 qui.
465 2602 552 2636 302.

177 2669 328 2720 Quiqui
347 2675 416 2707 est.
444 2675 531 2712 732.

179 2743 279 2790 Quis
298 2758 343 2782 ea
361 2745 447 2782 est?
481 2749 565 2786 127.

1656 246 1744 287 213

988 375 1245 422 Quis—nam.
1281 375 1436 413 Tmesis.
1462 376 1525 421 96.

989 448 1102 496 Quis.
1130 462 1204 499 pro
1223 463 1316 500 quoe.
1344 448 1408 494 96.

989 523 1100 570 Quit.
1130 528 1218 562 345.

990 599 1095 647 Qu·o
1126 598 1454 650 (Wheremitlml.)
1487 600 1528 638 P.
1547 599 1607 639 1⁴4.

991 671 1083 719 Quo
1100 671 1178 709 illae
1196 672 1375 710 nubent?
1406 677 1494 711 443.

991 743 1084 790 Quo
1102 744 1316 782 incumbat.
1350 750 1436 790 549.
1480 756 1484 760 ·

991 817 1084 865 Quo
1102 818 1250 865 lubeat,
1269 820 1434 857 nubant.
1461 825 1550 859 445.

992 891 1112 939 Quod
1131 891 1187 929 dii
1206 891 1313 936 dant,
1333 892 1428 931 fero.
1455 899 1518 939 49.

993 965 1113 1012 Quod
1131 978 1239 1004 nunc
1257 964 1389 1004 habes.
1420 971 1506 1005 501.
1535 973 1622 1007 502.

993 1039 1112 1087 Quod
1132 1040 1245 1091 pueri
1265 1040 1466 1079 clamitant
1485 1056 1526 1080 se
1544 1044 1750 1094 reperisse.

1072 1121 1158 1159 774.

1353 1265 1397 1302 R.

998 1336 1173 1374 Radebat
1190 1335 1362 1386 pedibus
1380 1343 1537 1374 terram.
1566 1344 1654 1385 579.

998 1411 1296 1462 Rapacidarum.
1327 1417 1414 1451 324.

997 1485 1163 1537 Rapiam
1182 1494 1222 1525 te
1239 1487 1289 1525 ad
1307 1495 1529 1539 praetorem.
1558 1491 1645 1534 716.

999 1559 1150 1597 Ravim.
1177 1566 1266 1606 290.

997 1634 1138 1673 Ratem
1157 1649 1241 1674 esse
1258 1650 1425 1675 servom.
1455 1643 1542 1677 552.

999 1705 1112 1743 Ratio
1129 1714 1304 1757 putatur.
1337 1714 1426 1748 482.

1000 1780 1206 1818 Rationem
1224 1781 1343 1819 edidi.
1371 1782 1460 1821 336.

1000 1855 1208 1894 Rationem
1227 1856 1391 1895 reddam
1409 1858 1506 1896 tibi!
1536 1859 1572 1898 6.

1001 1929 1167 1967 Rebitur
1185 1943 1268 1969 sese
1287 1931 1470 1970 derideri.
1502 1932 1587 1972 162.

1001 2001 1205 2052 Recipiam
1224 2016 1287 2041 me
1306 2003 1480 2041 domum.
1508 2009 1570 2043 80.

1004 2076 1158 2127 Recipit
1175 2090 1259 2115 sese
1277 2077 1451 2116 domum.
1482 2084 1567 2117 134.

1003 2152 1122 2189 Recte
1139 2152 1280 2190 facere.
1299 2166 1373 2203 pro
1391 2152 1481 2191 bene
1499 2155 1639 2194 facere.
1666 2161 1754 2202 292.

1004 2224 1181 2263 Reddam
1199 2226 1403 2264 rationem.
1431 2227 1466 2266 6.

1003 2297 1104 2336 Rem
1122 2298 1309 2337 divinam.
1338 2299 1426 2339 566.

1005 2369 1103 2407 Rem
1120 2370 1313 2420 potiorem
1332 2370 1458 2409 video.
1485 2371 1574 2416 647.

1006 2443 1170 2481 Remisit
1187 2443 1411 2494 repudium.
1440 2444 1528 2489 756.

1005 2519 1296 2558 Renunciatum
1315 2526 1384 2558 est.
1414 2525 1500 2559 558.

1008 2595 1245 2633 Renuntiare
1263 2596 1485 2647 repudium.
1514 2601 1600 2639 740.

1010 2672 1214 2721 Reperero.
1244 2676 1329 2713 575.

1010 2745 1166 2795 Repeti.
1197 2749 1282 2787 774.
