1864 3152
143 225 236 268 214·
583 234 766 270 INDEX
803 234 866 270 ΙΝ
903 234 1296 271 AULULARIAM.

142 365 349 419 Reperiret
365 365 608 406 thesaurum.
638 367 683 406 P.
703 368 765 407 26.

141 442 370 496 Repudium
390 442 554 483 remisit.
582 442 669 488 756.

140 516 373 569 Repudium
391 517 631 556 renuntiare.
665 522 753 562 740.

141 592 373 632 Rescivisse.
403 597 491 636 727.

137 665 322 707 Resecro.
351 666 440 713 639.

138 741 389 793 Respexeris.
421 746 480 787 19.

137 815 326 855 Retinere
343 815 395 855 ad
413 816 592 856 salutem.
620 822 708 863 549.

135 889 284 940 Rogito
300 889 442 941 pisces.
470 895 558 934 327.

499 1042 537 1080 S.

132 1119 280 1159 Salicto
297 1120 437 1159 erebro
454 1118 651 1171 oppletus.
680 1118 769 1165 629.

132 1193 420 1246 Salutigerulos
438 1205 595 1245 pueros.
623 1192 711 1231 456.

132 1270 411 1311 sarcinatores.
439 1267 527 1315 469.

131 1345 203 1386 Sat
219 1345 359 1384 habeo.
389 1349 477 1388 734.

131 1418 356 1471 Scalpurire
374 1417 538 1470 occepit.
567 1423 655 1457 421.

130 1492 287 1531 Scateat
305 1491 410 1529 vino.
440 1495 528 1529 513.

130 1566 331 1606 Scelerum
350 1564 686 1604 cumulatissume.
715 1571 803 1610 780.

129 1642 271 1695 Σχῆμα
290 1641 379 1695 παρ’
397 1638 582 1679 afa-duosam
621 1646 710 1687 597.

129 1716 279 1757 Scibas.
307 1722 397 1761 711.

128 1788 233 1828 Scin·
251 1788 382 1834 etiam,
402 1786 630 1840 quomodo?
660 1787 750 1828 263.

127 1861 234 1901 Scin'
254 1860 465 1913 quomodo.
493 1865 529 1900 8.
558 1861 645 1904 786.

128 1934 219 1974 Seio
235 1947 310 1974 nec
327 1935 435 1973 novi.
461 1939 550 1979 723.

126 2009 231 2056 Scio,
260 2022 381 2061 quam
398 2022 483 2048 rem
501 2016 604 2061 agat.
633 2013 720 2054 529.

124 2083 218 2123 Scio
235 2097 355 2136 quam
373 2097 458 2123 rem
475 2096 601 2135 geras.
632 2088 720 2127 781.

125 2159 291 2212 Scirpea
308 2158 514 2199 inducitur
532 2158 639 2199 ratis.
669 2164 756 2199 550.

125 2234 305 2274 Scribam
322 2233 396 2273 tibi
414 2233 558 2273 dimm-
586 2233 674 2278 716.

124 2310 271 2350 Secum
289 2316 523 2349 murmurat.
554 2314 613 2349 13.

124 2387 317 2427 Securim.
349 2386 604 2439 (Utendum.)
633 2386 695 2427 56.

123 2461 249 2502 Secus
267 2474 388 2515 quam
407 2462 540 2502 venes.
567 2467 656 2509 390.

123 2536 204 2576 Sed
222 2536 321 2589 quid
338 2538 442 2588 ego?
472 2541 561 2576 342.

122 2610 344 2651 Sedentarii
364 2617 528 2650 sutores.
557 2609 644 2654 467.

122 2684 273 2725 Sedulo
290 2684 375 2724 celo
392 2698 540 2724 omnes.
568 2690 630 2729 74.

121 2760 272 2801 Seduxi
291 2768 331 2800 te
351 2767 501 2800 secreto
520 2761 633 2799 foras.
662 2765 723 2805 94.

978 365 1252 407 Semizonarii.
1281 372 1371 412 470.

980 441 1161 495 Semper.
1186 455 1299 482 tensa
1317 443 1385 482 ἀεί.
1414 449 1476 488 57.

975 516 1272 569 Sempiternum
1290 518 1462 559 salutare
1479 519 1542 559 tit.
1574 525 1660 560 105.

975 589 1136 630 Senatu.
1184 592 1470 644 Metaphorioe.
1499 598 1587 634 504.

976 668 1142 707 senecta
1158 675 1286 707 aetate.
1313 674 1403 715 209.

974 742 1090 781 Senis
1107 742 1303 781 manibus.
1333 747 1421 789 509.

973 817 1099 856 Serva
1116 818 1233 857 intus.
1281 818 1500 870 (Custodi.)
1530 824 1593 858 42.

972 892 1150 931 Set-vem.
1175 905 1251 944 pro
1266 891 1469 931 observem.
1497 897 1587 932 318.

972 968 1123 1006 Servet.
1153 972 1240 1007 510.
1264 973 1353 1007 512.

973 1044 1142 1083 sevocas
1160 1051 1201 1083 te
1219 1043 1326 1082 solus
1344 1056 1368 1082 e
1385 1050 1535 1082 senatu.
1564 1048 1651 1083 504.

971 1122 1176 1160 Sexcenta.
1224 1119 1294 1173 (de
1341 1119 1496 1158 infinito
1531 1121 1729 1170 numero.)

1047 1201 1136 1239 275.

971 1269 1012 1308 Si
1031 1269 1100 1321 qui
1122 1269 1181 1307 uti
1202 1268 1323 1308 voles.
1351 1273 1440 1315 294.

970 1345 1035 1384 Sic
1054 1344 1193 1383 sinam.
1224 1348 1312 1388 478.

969 1422 1063 1462 Siet.
1090 1435 1164 1474 pro
1181 1419 1244 1459 sit.
1272 1426 1361 1460 404.

969 1494 1119 1533 Silvani
1137 1494 1264 1533 lucus.
1292 1494 1381 1533 628.

967 1568 1087 1607 Sine!
1118 1568 1354 1618 (minantis.)
1383 1572 1472 1613 379.

966 1641 1042 1681 Sis.
1069 1641 1105 1680 si
1122 1641 1192 1680 vis.
1221 1647 1256 1686 7·
1290 1646 1374 1681 102.
1406 1646 1494 1687 589·
1523 1646 1611 1682 588.
1640 1646 1726 1688 592.

1044 1714 1133 1754 614.

965 1787 1174 1826 Socienno.
1201 1786 1290 1826 613.

965 1860 1142 1899 Solem-ii.
1170 1858 1260 1899 468.

965 1936 1102 1975 Solum
1121 1935 1266 1974 locum.
1294 1934 1384 1978 627.

964 2010 1095 2048 Solus.
1124 2008 1213 2048 656.

964 2084 1166 2136 Sospitent
1182 2083 1297 2122 istuc.
1326 2087 1414 2122 501.

964 2157 1232 2210 speculatum.
1262 2161 1349 2202 559.

964 2231 1163 2284 Sponden'
1182 2234 1310 2283 ergo?
1339 2236 1429 2270 212.

960 2307 1111 2346 stabile
1130 2306 1344 2346 stabulum.
1376 2311 1461 2352 190.

959 2382 1221 2422 stimulorum
1241 2394 1365 2434 seges.
1393 2381 1430 2421 6.

960 2458 1174 2498 Stimuium
1194 2456 1226 2495 si
1245 2469 1390 2510 cepero
1406 2456 1448 2496 in
1465 2468 1638 2495 monum.
1667 2464 1703 2503 9.

959 2532 1128 2572 Strenue
1147 2544 1312 2583 sequere
1331 2543 1406 2571 me.
1446 2535 1535 2570 220.

959 2606 1208 2659 Strophius-ii.
1236 2611 1324 2652 470.

959 2682 1165 2735 Strophii&
1197 2688 1285 2733 480.

962 2760 1121 2799 structa
1140 2773 1203 2799 res
1221 2767 1281 2799 est
1298 2758 1417 2798 domi.
1448 2764 1533 2805 499.
