1864 3152
655 252 722 294 IN
759 253 1195 298 MENAECHMOS.
1594 259 1682 315 187

159 380 291 420 varro
315 382 401 420 Lib.
423 382 498 420 lx.
519 384 564 421 L.
585 384 630 421 L.
651 385 723 422 sub
747 384 812 422 fin.
865 387 886 399 '’
902 386 957 424 Ut
983 400 1031 425 ex
1060 401 1131 425 non
1158 395 1198 426 et
1225 386 1316 432 volo,
1344 387 1453 430 ποίω-
1484 388 1540 427 sic
1567 402 1614 427 ex
1637 404 1682 429 ne

156 463 198 495 et
215 456 433 508 quidquam,
453 458 583 497 media
605 459 749 497 extrita
772 459 935 510 syllaba,
955 468 1134 500 coactum
1157 469 1219 500 est
1242 475 1410 514 nequam.
1466 462 1617 514 Itaque,
1637 472 1682 503 ut

155 544 247 568 eum
267 545 385 582 quem
404 539 589 583 putamus
607 546 691 571 esse
710 547 780 571 non
798 533 879 579 hili,
899 534 1068 574 dicimus
1094 535 1206 574 nihili
1214 550 1234 578 ,·
1262 536 1318 575 sic
1335 536 1377 574 in
1397 550 1477 587 quo
1493 544 1679 588 putamus

155 618 239 643 esse
267 619 312 643 ne
339 605 552 658 quidquam,
580 606 749 645 dicimus
776 614 974 659 nequam.“
1576 599 1578 601 ¹

229 721 317 758 478.
382 709 569 774 Frugi.]
600 714 672 756 An
693 716 845 756 honest
856 716 1020 771 sellom.
1058 722 1256 760 Omnibus
1274 724 1450 762 numeris
1468 730 1508 762 et
1521 724 1677 763 casibus

146 796 343 847 jungitur.
391 797 445 834 H.
464 796 490 834 l.
506 796 721 848 opponitur
739 797 797 850 τῷ
814 796 1000 849 Nequam.
1045 798 1157 837 Asin.
1179 804 1265 839 835.
1312 800 1532 845 “Antehac
1549 801 1678 840 homi-

152 884 243 909 nem
270 885 357 910 sum
369 871 492 924 frugi
518 873 663 909 ratus.”
717 872 809 910 Aul.
840 878 926 911 54⁶2.
983 872 1113 912 “Hoc
1139 880 1198 912 est
1225 875 1326 913 servi
1354 875 1508 915 facinus
1521 875 1675 929 frugi-'³

149 946 251 985 Ibid.
265 946 353 990 673.
398 947 622 985 Curc.522.
668 947 904 986 “Facbonoe
916 947 1040 1000 frugi
1058 948 1178 987 sies!”
1223 948 1370 987 Pseud.
1388 955 1475 989 331.
1523 951 1673 989 “Nun-

114 1031 121 1036 ·
148 1035 267 1072 quam
295 1022 372 1060 eris
390 1021 515 1074 frugi
541 1021 678 1060 bonae-’²
731 1022 814 1061 Cic.
842 1022 926 1061 Att.
955 1023 1030 1062 IV.
1060 1029 1094 1062 8.
1156 1024 1298 1062 “Satis
1324 1031 1476 1070 acutus,
1504 1038 1550 1064 ac
1574 1025 1677 1064 bonoe

133 1095 293 1147 frugi?
319 1098 390 1135 &c.

220 1211 307 1245 480.
373 1201 607 1251 Sollicitos
630 1202 843 1265 habent.]
902 1208 1106 1264 Plague;
1136 1210 1244 1265 give
1263 1209 1428 1250 trouble
1450 1213 1504 1250 to.
1561 1215 1670 1254 Infra

146 1295 234 1329 488.
289 1289 368 1327 Pro
394 1289 597 1328 sollicitant
610 1305 626 1332 ;
657 1304 736 1341 qua
759 1304 855 1329 voce
881 1304 976 1329 usus
999 1298 1058 1329 est
1083 1291 1110 1328 J
1114 1305 1178 1330 uv.
1198 1291 1265 1342 (de
1289 1291 1426 1330 eadem
1452 1305 1495 1331 re
1517 1294 1670 1344 agens‚)

146 1367 225 1405 Sat.
253 1366 366 1405 XVI.
390 1372 453 1405 28.
507 1371 531 1388 “
548 1367 598 1405 Se
624 1373 879 1405 excusaturos
904 1380 984 1404 non
1009 1366 1248 1405 sollicitemus
1275 1367 1454 1406 amicos.”
1507 1368 1670 1422 (nempe

144 1448 190 1479 ut
224 1440 338 1478 nobis
372 1440 414 1479 in
443 1440 599 1492 judicio
633 1440 795 1492 adsint.)
859 1441 952 1479 Ter.
989 1441 1134 1480 Heaut.
1173 1442 1251 1479 111.
1291 1456 1317 1480 1.
1354 1448 1415 1481 52.
1479 1443 1670 1484 “Omnes

140 1515 321 1554 sollicitos
347 1514 498 1552 habui.’'
552 1515 667 1553 Nost.
689 1515 774 1552 Mil.
798 1521 909 1558 1077.
965 1516 1071 1553 “Me
1099 1516 1227 1554 forma
1252 1516 1362 1554 habet
1389 1516 1622 1556 sollicitum.”

216 1630 303 1668 487.
370 1619 430 1666 In
475 1621 620 1682 jure.]
698 1623 854 1678 Before
903 1624 972 1664 the
1019 1623 1206 1664 Praetor.
1271 1628 1395 1679 Apud
1442 1628 1666 1677 Praetorem,

140 1707 326 1759 [Curcul.
355 1706 470 1758 681.]
500 1720 573 1758 pro
609 1706 809 1745 tribunali.
863 1706 998 1744 ”Nam
1034 1706 1182 1744 Paulus
1214 1706 1341 1745 Jctus
1376 1707 1443 1753 ait,
1475 1707 1551 1746 Jus
1584 1708 1664 1747 dici

137 1784 268 1828 locum,
297 1783 335 1820 in
363 1796 434 1834 quo
453 1783 526 1834 jus
553 1782 763 1819 redditur.“
817 1781 1007 1820 (ἔποικτον.
1035 1781 1145 1820 Lect.
1177 1781 1302 1820 Plaut.
1358 1782 1475 1822 Unde
1501 1783 1663 1834 phrases

138 1858 227 1904 illae,
257 1857 359 1895 Rud.
388 1856 474 1903 769.
528 1862 554 1878 “
564 1856 614 1894 In
637 1856 736 1895 Jure
760 1869 917 1894 causam
940 1855 1062 1894 dicito
1071 1871 1083 1901 ;
1115 1856 1326 1907 Sequere.”
1383 1857 1442 1896 Id.
1469 1858 1576 1896 Prol.
1601 1865 1661 1898 14.

137 1932 226 1970 “In
249 1932 347 1982 jure
380 1931 599 1982 abjurant.”
654 1927 744 1969 Ter.
775 1930 932 1968 Phorm.
967 1931 1014 1967 V.
1046 1943 1120 1968 vn.
1150 1936 1212 1969 88.
1267 1931 1354 1969 “In
1388 1932 1465 1971 Jus
1491 1936 1661 1973 eamus.”

138 2007 217 2046 Ubi
245 2008 418 2046 DoNA'r:
448 2007 542 2044 ”Ad
568 2005 756 2044 Praeloris
783 2005 938 2051 sellam3
967 2005 1085 2043 modo
1112 2005 1217 2043 enim
1243 2007 1362 2044 locum
1390 2008 1626 2058 significat.“

219 2155 283 2160 —
357 2122 445 2169 Ad
462 2117 711 2183 judicem]
770 2124 1070 2177 Commissary.
1124 2129 1230 2167 ”Vel
1255 2144 1278 2167 a
1305 2129 1478 2168 Praetore
1506 2130 1655 2178 datum,

133 2218 177 2248 ut
195 2218 287 2248 sunt
307 2210 615 2261 Recuperatores,
644 2208 810 2259 (judges
828 2196 1006 2258 delegate
1017 2207 1046 2257 :)
1074 2207 1137 2245 vel
1153 2221 1178 2245 a
1194 2207 1459 2258 litigatoribus
1480 2216 1653 2260 captum,

132 2293 178 2323 ut
197 2284 406 2329 Arbitrum,
435 2283 719 2334 (arbitrator.)“
756 2282 890 2320 [ΑΜΒ.
932 2282 1095 2319 Confert
1113 2281 1256 2328 HARE,
1283 2282 1429 2322 Pseud.
1447 2283 1505 2321 11.
1527 2297 1574 2322 11.
1593 2290 1654 2324 50.

132 2361 270 2412 [643]
326 2366 351 2382 “
363 2361 419 2398 At
436 2359 517 2397 illic
535 2372 640 2396 nunc
658 2357 933 2408 negotiosu'st:
963 2370 1023 2394 res
1041 2355 1173 2408 agitur
1190 2356 1509 2408 apudjudicem.''

206 2475 293 2508 488.
358 2463 624 2511 Sollicitum
648 2460 851 2522 habuit.]
908 2470 1036 2520 Supra
1054 2475 1141 2508 480.
1199 2470 1259 2507 Ita
1277 2469 1358 2507 Cic.
1377 2470 1461 2508 Att.
1481 2470 1592 2508 XVI.
1614 2476 1647 2510 1.

131 2551 280 2588 “Mare
306 2549 479 2602 irffestum
507 2549 675 2587 habere?
702 2549 726 2585 i.
745 2563 778 2587 e.
806 2547 997 2599 irffestare.

203 2664 292 2703 491.
354 2650 700 2711 conditiones]
763 2655 914 2697 Terme
944 2655 998 2710 of
1019 2656 1304 2709 compromise.
1363 2661 1504 2700 Giton:
1532 2662 1643 2702 Lect-

131 2740 260 2777 Plaut.
299 2741 320 2753 '’
333 2739 450 2778 Ferre
466 2740 696 2784 conditiones,
718 2745 777 2777 est
799 2751 1019 2789 proponere
1037 2738 1246 2776 formulam
1263 2740 1545 2787 transactionis,
1564 2754 1645 2794 qua

125 2814 388 2852 controversia
406 2821 474 2851 aut
491 2827 553 2852 res
570 2814 740 2863 litigiosa
754 2820 1020 2863 componatur.
1062 2812 1141 2851 Cic.
1162 2812 1263 2850 Phil.
1283 2813 1405 2853 XIII.
1426 2820 1485 2859 17.
1529 2821 1556 2839 “
1570 2817 1640 2855 Me
