<?xml version="1.0" encoding="UTF-8"?>
<!DOCTYPE html PUBLIC "-//W3C//DTD XHTML 1.0 Transitional//EN"
    "http://www.w3.org/TR/xhtml1/DTD/xhtml1-transitional.dtd">
<html xmlns="http://www.w3.org/1999/xhtml" xml:lang="en" lang="en">
 <head>
  <title>
</title>
<meta http-equiv="Content-Type" content="text/html;charset=utf-8" />
  <meta name='ocr-system' content='tesseract 3.04.00' />
  <meta name='ocr-capabilities' content='ocr_page ocr_carea ocr_par ocr_line ocrx_word'/>
</head>
<body>
  <div class='ocr_page' id='page_1' title='image "./captivitrinummus00plauuoft_0059.png"; bbox 0 0 1864 3152; ppageno 0'>
   <div class='ocr_carea' id='block_1_1' title="bbox 702 256 1717 306">
    <p class='ocr_par' dir='ltr' id='par_1_1' title="bbox 702 256 1717 306">
     <span class='ocr_line' id='line_1_1' title="bbox 702 256 1717 306; baseline -0.01 0"><span class='ocrx_word' id='word_1_1' title='bbox 702 260 1136 306; x_wconf 87' lang='lat' dir='ltr'>MENAECHMEI.</span> <span class='ocrx_word' id='word_1_2' title='bbox 1659 256 1717 297; x_wconf 79' lang='lat'>43</span> 
     </span>
    </p>
   </div>
   <div class='ocr_carea' id='block_1_2' title="bbox 131 387 1714 545">
    <p class='ocr_par' dir='ltr' id='par_1_2' title="bbox 131 387 1714 545">
     <span class='ocr_line' id='line_1_2' title="bbox 131 387 1714 460; baseline -0.008 -13"><span class='ocrx_word' id='word_1_3' title='bbox 131 399 227 447; x_wconf 73' lang='lat' dir='ltr'>En.</span> <span class='ocrx_word' id='word_1_4' title='bbox 261 397 468 453; x_wconf 82' lang='lat' dir='ltr'><strong>Scilicet,</strong></span> <span class='ocrx_word' id='word_1_5' title='bbox 502 396 585 460; x_wconf 87' lang='lat' dir='ltr'>qui</span> <span class='ocrx_word' id='word_1_6' title='bbox 619 395 801 444; x_wconf 89' lang='lat' dir='ltr'>dudum</span> <span class='ocrx_word' id='word_1_7' title='bbox 836 402 992 443; x_wconf 90' lang='lat' dir='ltr'>tecum</span> <span class='ocrx_word' id='word_1_8' title='bbox 1029 391 1176 446; x_wconf 90' lang='lat' dir='ltr'>venit,</span> <span class='ocrx_word' id='word_1_9' title='bbox 1211 406 1352 454; x_wconf 90' lang='lat' dir='ltr'>quom</span> <span class='ocrx_word' id='word_1_10' title='bbox 1384 387 1560 453; x_wconf 87' lang='lat' dir='ltr'>pallam</span> <span class='ocrx_word' id='word_1_11' title='bbox 1594 387 1714 436; x_wconf 89' lang='lat' dir='ltr'>mihi</span> 
     </span>
     <span class='ocr_line' id='line_1_3' title="bbox 263 475 1268 545; baseline -0.01 -13"><span class='ocrx_word' id='word_1_12' title='bbox 263 482 520 537; x_wconf 83' lang='lat' dir='ltr'>Detulisti,</span> <span class='ocrx_word' id='word_1_13' title='bbox 545 496 685 545; x_wconf 83' lang='lat' dir='ltr'>quam</span> <span class='ocrx_word' id='word_1_14' title='bbox 708 480 846 528; x_wconf 87' lang='lat' dir='ltr'>uxori</span> <span class='ocrx_word' id='word_1_15' title='bbox 868 486 964 527; x_wconf 88' lang='lat' dir='ltr'>tuae</span> <span class='ocrx_word' id='word_1_16' title='bbox 985 475 1268 540; x_wconf 85' lang='lat' dir='ltr'>surripuisti.</span> 
     </span>
    </p>
   </div>
   <div class='ocr_carea' id='block_1_3' title="bbox 1240 556 1715 614">
    <p class='ocr_par' dir='ltr' id='par_1_3' title="bbox 1240 556 1715 614">
     <span class='ocr_line' id='line_1_4' title="bbox 1240 556 1715 614; baseline -0.002 -9"><span class='ocrx_word' id='word_1_17' title='bbox 1240 557 1354 606; x_wconf 90' lang='grc' dir='ltr'>ΜΕ.</span> <span class='ocrx_word' id='word_1_18' title='bbox 1376 558 1423 607; x_wconf 91' lang='lat' dir='ltr'>S.</span> <span class='ocrx_word' id='word_1_19' title='bbox 1450 556 1588 614; x_wconf 84' lang='lat' dir='ltr'>Quid</span> <span class='ocrx_word' id='word_1_20' title='bbox 1607 558 1715 605; x_wconf 86' lang='lat' dir='ltr'>est?</span> 
     </span>
    </p>
   </div>
   <div class='ocr_carea' id='block_1_4' title="bbox 135 642 1719 877">
    <p class='ocr_par' dir='ltr' id='par_1_4' title="bbox 135 642 1719 877">
     <span class='ocr_line' id='line_1_5' title="bbox 263 642 1715 714; baseline -0.006 -16"><span class='ocrx_word' id='word_1_21' title='bbox 263 649 378 698; x_wconf 87' lang='lat' dir='ltr'>Tibi</span> <span class='ocrx_word' id='word_1_22' title='bbox 395 649 573 714; x_wconf 83' lang='lat' dir='ltr'>pallam</span> <span class='ocrx_word' id='word_1_23' title='bbox 590 647 716 704; x_wconf 90' lang='lat' dir='ltr'>dedi,</span> <span class='ocrx_word' id='word_1_24' title='bbox 735 663 878 711; x_wconf 88' lang='lat' dir='ltr'>quam</span> <span class='ocrx_word' id='word_1_25' title='bbox 898 646 1036 694; x_wconf 83' lang='lat' dir='ltr'>uxori</span> <span class='ocrx_word' id='word_1_26' title='bbox 1055 661 1171 693; x_wconf 88' lang='lat' dir='ltr'>meae</span> <span class='ocrx_word' id='word_1_27' title='bbox 1188 642 1431 707; x_wconf 85' lang='lat' dir='ltr'>surripui?</span> <span class='ocrx_word' id='word_1_28' title='bbox 1461 645 1621 691; x_wconf 89' lang='lat' dir='ltr'>sanan’</span> <span class='ocrx_word' id='word_1_29' title='bbox 1637 643 1715 690; x_wconf 89' lang='lat' dir='ltr'>es?</span> 
     </span>
     <span class='ocr_line' id='line_1_6' title="bbox 265 726 1657 781; baseline -0.006 0"><span class='ocrx_word' id='word_1_30' title='bbox 265 734 407 781; x_wconf 89' lang='lat' dir='ltr'>Certo</span> <span class='ocrx_word' id='word_1_31' title='bbox 438 731 539 780; x_wconf 80' lang='lat' dir='ltr'>haec</span> <span class='ocrx_word' id='word_1_32' title='bbox 570 731 744 780; x_wconf 91' lang='lat' dir='ltr'>mulier</span> <span class='ocrx_word' id='word_1_33' title='bbox 775 729 1052 779; x_wconf 81' lang='lat' dir='ltr'>cantherino</span> <span class='ocrx_word' id='word_1_34' title='bbox 1084 728 1184 776; x_wconf 87' lang='lat' dir='ltr'>ritu</span> <span class='ocrx_word' id='word_1_35' title='bbox 1213 726 1408 775; x_wconf 81' lang='lat' dir='ltr'><strong>adstans</strong></span> <span class='ocrx_word' id='word_1_36' title='bbox 1441 726 1657 775; x_wconf 90' lang='lat' dir='ltr'>somniat.</span> 
     </span>
     <span class='ocr_line' id='line_1_7' title="bbox 135 809 1719 877; baseline -0.008 -11"><span class='ocrx_word' id='word_1_37' title='bbox 135 818 234 866; x_wconf 81' lang='lat' dir='ltr'>ER.</span> <span class='ocrx_word' id='word_1_38' title='bbox 268 817 371 875; x_wconf 86' lang='lat' dir='ltr'>Qui</span> <span class='ocrx_word' id='word_1_39' title='bbox 386 816 522 866; x_wconf 90' lang='lat' dir='ltr'>lubet</span> <span class='ocrx_word' id='word_1_40' title='bbox 535 816 742 864; x_wconf 89' lang='lat' dir='ltr'>ludibrio</span> <span class='ocrx_word' id='word_1_41' title='bbox 756 814 929 863; x_wconf 86' lang='lat' dir='ltr'>habere</span> <span class='ocrx_word' id='word_1_42' title='bbox 942 830 1032 869; x_wconf 89' lang='lat' dir='ltr'>me,</span> <span class='ocrx_word' id='word_1_43' title='bbox 1051 819 1195 877; x_wconf 85' lang='lat' dir='ltr'>atque</span> <span class='ocrx_word' id='word_1_44' title='bbox 1208 812 1277 860; x_wconf 89' lang='lat' dir='ltr'>ire</span> <span class='ocrx_word' id='word_1_45' title='bbox 1291 811 1472 859; x_wconf 88' lang='lat' dir='ltr'>inficias</span> <span class='ocrx_word' id='word_1_46' title='bbox 1483 809 1604 859; x_wconf 88' lang='lat' dir='ltr'>mihi</span> <span class='ocrx_word' id='word_1_47' title='bbox 1643 820 1719 854; x_wconf 83' lang='lat'>305</span> 
     </span>
    </p>
   </div>
   <div class='ocr_carea' id='block_1_5' title="bbox 268 901 695 966">
    <p class='ocr_par' dir='ltr' id='par_1_5' title="bbox 268 901 695 966">
     <span class='ocr_line' id='line_1_8' title="bbox 268 901 695 966; baseline -0.002 -18"><span class='ocrx_word' id='word_1_48' title='bbox 268 901 420 950; x_wconf 89' lang='lat' dir='ltr'>Facta</span> <span class='ocrx_word' id='word_1_49' title='bbox 435 917 538 966; x_wconf 89' lang='lat' dir='ltr'>quae</span> <span class='ocrx_word' id='word_1_50' title='bbox 554 902 695 948; x_wconf 83' lang='lat' dir='ltr'>sunt?</span> 
     </span>
    </p>
   </div>
   <div class='ocr_carea' id='block_1_6' title="bbox 138 976 1720 1114">
    <p class='ocr_par' dir='ltr' id='par_1_6' title="bbox 138 976 1720 1114">
     <span class='ocr_line' id='line_1_9' title="bbox 400 976 1720 1046; baseline -0.006 -15"><span class='ocrx_word' id='word_1_51' title='bbox 400 982 514 1031; x_wconf 92' lang='grc' dir='ltr'>ΜΕ.</span> <span class='ocrx_word' id='word_1_52' title='bbox 532 982 580 1032; x_wconf 87' lang='lat' dir='ltr'>S.</span> <span class='ocrx_word' id='word_1_53' title='bbox 605 982 721 1039; x_wconf 91' lang='lat' dir='ltr'>Dic,</span> <span class='ocrx_word' id='word_1_54' title='bbox 737 981 856 1046; x_wconf 83' lang='lat' dir='ltr'>quid</span> <span class='ocrx_word' id='word_1_55' title='bbox 867 988 940 1030; x_wconf 90' lang='lat' dir='ltr'>est</span> <span class='ocrx_word' id='word_1_56' title='bbox 952 980 1018 1037; x_wconf 87' lang='lat' dir='ltr'>id,</span> <span class='ocrx_word' id='word_1_57' title='bbox 1033 979 1159 1044; x_wconf 92' lang='lat' dir='ltr'>quod</span> <span class='ocrx_word' id='word_1_58' title='bbox 1170 996 1340 1045; x_wconf 88' lang='lat' dir='ltr'>negem</span> <span class='ocrx_word' id='word_1_59' title='bbox 1356 977 1484 1043; x_wconf 90' lang='lat' dir='ltr'>quod</span> <span class='ocrx_word' id='word_1_60' title='bbox 1497 976 1687 1026; x_wconf 83' lang='lat' dir='ltr'>fecerim</span> <span class='ocrx_word' id='word_1_61' title='bbox 1697 977 1720 1023; x_wconf 83' lang='lat'>?</span> 
     </span>
     <span class='ocr_line' id='line_1_10' title="bbox 138 1063 1206 1114; baseline -0.003 0"><span class='ocrx_word' id='word_1_62' title='bbox 138 1066 238 1114; x_wconf 82' lang='lat' dir='ltr'>ER.</span> <span class='ocrx_word' id='word_1_63' title='bbox 270 1065 461 1114; x_wconf 85' lang='lat' dir='ltr'>Pallam</span> <span class='ocrx_word' id='word_1_64' title='bbox 478 1063 527 1114; x_wconf 90' lang='lat' dir='ltr'>te</span> <span class='ocrx_word' id='word_1_65' title='bbox 542 1063 684 1113; x_wconf 88' lang='lat' dir='ltr'>hodie</span> <span class='ocrx_word' id='word_1_66' title='bbox 697 1063 818 1112; x_wconf 89' lang='lat' dir='ltr'>mihi</span> <span class='ocrx_word' id='word_1_67' title='bbox 834 1063 1018 1112; x_wconf 89' lang='lat' dir='ltr'>dedisse</span> <span class='ocrx_word' id='word_1_68' title='bbox 1031 1064 1206 1112; x_wconf 85' lang='lat' dir='ltr'>uxoris.</span> 
     </span>
    </p>
   </div>
   <div class='ocr_carea' id='block_1_7' title="bbox 1047 1145 1723 1208">
    <p class='ocr_par' dir='ltr' id='par_1_7' title="bbox 1047 1145 1723 1208">
     <span class='ocr_line' id='line_1_11' title="bbox 1047 1145 1723 1208; baseline -0.007 -13"><span class='ocrx_word' id='word_1_69' title='bbox 1047 1146 1162 1195; x_wconf 83' lang='lat' dir='ltr'>ME.</span> <span class='ocrx_word' id='word_1_70' title='bbox 1184 1145 1232 1194; x_wconf 90' lang='lat' dir='ltr'>S.</span> <span class='ocrx_word' id='word_1_71' title='bbox 1255 1145 1423 1194; x_wconf 86' lang='lat' dir='ltr'>Etiam</span> <span class='ocrx_word' id='word_1_72' title='bbox 1442 1161 1571 1192; x_wconf 88' lang='lat' dir='ltr'>nunc</span> <span class='ocrx_word' id='word_1_73' title='bbox 1587 1160 1723 1208; x_wconf 87' lang='lat' dir='ltr'>nego.</span> 
     </span>
    </p>
   </div>
   <div class='ocr_carea' id='block_1_8' title="bbox 270 1227 1725 1297">
    <p class='ocr_par' dir='ltr' id='par_1_8' title="bbox 270 1227 1725 1297">
     <span class='ocr_line' id='line_1_12' title="bbox 270 1227 1725 1297; baseline -0.004 -17"><span class='ocrx_word' id='word_1_74' title='bbox 270 1231 380 1297; x_wconf 88' lang='lat' dir='ltr'>Ego</span> <span class='ocrx_word' id='word_1_75' title='bbox 424 1231 617 1295; x_wconf 87' lang='lat' dir='ltr'>quidem</span> <span class='ocrx_word' id='word_1_76' title='bbox 658 1248 814 1295; x_wconf 91' lang='lat' dir='ltr'>neque</span> <span class='ocrx_word' id='word_1_77' title='bbox 857 1246 1069 1294; x_wconf 88' lang='lat' dir='ltr'>unquam</span> <span class='ocrx_word' id='word_1_78' title='bbox 1118 1245 1314 1277; x_wconf 85' lang='lat' dir='ltr'>uxorem</span> <span class='ocrx_word' id='word_1_79' title='bbox 1359 1227 1522 1283; x_wconf 90' lang='lat' dir='ltr'>habui,</span> <span class='ocrx_word' id='word_1_80' title='bbox 1571 1243 1725 1290; x_wconf 91' lang='lat' dir='ltr'>neque</span> 
     </span>
    </p>
   </div>
   <div class='ocr_carea' id='block_1_9' title="bbox 470 1312 946 1378">
    <p class='ocr_par' dir='ltr' id='par_1_9' title="bbox 470 1312 946 1378">
     <span class='ocr_line' id='line_1_13' title="bbox 470 1312 946 1378; baseline 0 -17"><span class='ocrx_word' id='word_1_81' title='bbox 470 1313 634 1370; x_wconf 90' lang='lat' dir='ltr'>habeo,</span> <span class='ocrx_word' id='word_1_82' title='bbox 666 1330 820 1378; x_wconf 89' lang='lat' dir='ltr'>neque</span> <span class='ocrx_word' id='word_1_83' title='bbox 852 1312 946 1361; x_wconf 91' lang='lat' dir='ltr'>huc</span> 
     </span>
    </p>
   </div>
   <div class='ocr_carea' id='block_1_10' title="bbox 272 1392 1727 1461">
    <p class='ocr_par' dir='ltr' id='par_1_10' title="bbox 272 1392 1727 1461">
     <span class='ocr_line' id='line_1_14' title="bbox 272 1392 1727 1461; baseline -0.005 -15"><span class='ocrx_word' id='word_1_84' title='bbox 272 1396 521 1461; x_wconf 85' lang='lat' dir='ltr'>Unquam,</span> <span class='ocrx_word' id='word_1_85' title='bbox 542 1404 792 1461; x_wconf 89' lang='lat' dir='ltr'>postquam</span> <span class='ocrx_word' id='word_1_86' title='bbox 816 1404 958 1444; x_wconf 88' lang='lat' dir='ltr'>natus</span> <span class='ocrx_word' id='word_1_87' title='bbox 981 1411 1101 1451; x_wconf 89' lang='lat' dir='ltr'>sum,</span> <span class='ocrx_word' id='word_1_88' title='bbox 1124 1395 1254 1443; x_wconf 89' lang='lat' dir='ltr'>intra</span> <span class='ocrx_word' id='word_1_89' title='bbox 1275 1401 1459 1458; x_wconf 88' lang='lat' dir='ltr'>portam</span> <span class='ocrx_word' id='word_1_90' title='bbox 1482 1392 1727 1457; x_wconf 85' lang='lat' dir='ltr'>penetravi</span> 
     </span>
    </p>
   </div>
   <div class='ocr_carea' id='block_1_11' title="bbox 471 1480 655 1544">
    <p class='ocr_par' dir='ltr' id='par_1_11' title="bbox 471 1480 655 1544">
     <span class='ocr_line' id='line_1_15' title="bbox 471 1480 655 1544; baseline -0.011 -14"><span class='ocrx_word' id='word_1_91' title='bbox 471 1480 655 1544; x_wconf 90' lang='lat' dir='ltr'>pedem.</span> 
     </span>
    </p>
   </div>
   <div class='ocr_carea' id='block_1_12' title="bbox 1652 1485 1731 1526">
    <p class='ocr_par' dir='ltr' id='par_1_12' title="bbox 1652 1485 1731 1526">
     <span class='ocr_line' id='line_1_16' title="bbox 1652 1485 1731 1526; baseline 0 0"><span class='ocrx_word' id='word_1_92' title='bbox 1652 1485 1731 1526; x_wconf 89' lang='grc'>309</span> 
     </span>
    </p>
   </div>
   <div class='ocr_carea' id='block_1_13' title="bbox 276 1559 1578 1626">
    <p class='ocr_par' dir='ltr' id='par_1_13' title="bbox 276 1559 1578 1626">
     <span class='ocr_line' id='line_1_17' title="bbox 276 1559 1578 1626; baseline -0.003 -16"><span class='ocrx_word' id='word_1_93' title='bbox 276 1562 461 1612; x_wconf 89' lang='lat' dir='ltr'>Prandi</span> <span class='ocrx_word' id='word_1_94' title='bbox 473 1564 525 1612; x_wconf 89' lang='lat' dir='ltr'>in</span> <span class='ocrx_word' id='word_1_95' title='bbox 538 1564 649 1612; x_wconf 86' lang='lat' dir='ltr'>navi</span> <span class='ocrx_word' id='word_1_96' title='bbox 660 1579 674 1620; x_wconf 83' lang='lat'>3</span> <span class='ocrx_word' id='word_1_97' title='bbox 692 1563 805 1612; x_wconf 90' lang='lat' dir='ltr'>inde</span> <span class='ocrx_word' id='word_1_98' title='bbox 817 1562 912 1611; x_wconf 88' lang='lat' dir='ltr'>huc</span> <span class='ocrx_word' id='word_1_99' title='bbox 924 1578 1030 1610; x_wconf 90' lang='lat' dir='ltr'>sum</span> <span class='ocrx_word' id='word_1_100' title='bbox 1047 1577 1280 1626; x_wconf 83' lang='lat' dir='ltr'>egressus3</span> <span class='ocrx_word' id='word_1_101' title='bbox 1301 1568 1351 1608; x_wconf 93' lang='lat' dir='ltr'>te</span> <span class='ocrx_word' id='word_1_102' title='bbox 1366 1559 1578 1607; x_wconf 87' lang='lat' dir='ltr'>conveni.</span> 
     </span>
    </p>
   </div>
   <div class='ocr_carea' id='block_1_14' title="bbox 1415 1642 1730 1698">
    <p class='ocr_par' dir='ltr' id='par_1_14' title="bbox 1415 1642 1730 1698">
     <span class='ocr_line' id='line_1_18' title="bbox 1415 1642 1730 1698; baseline -0.003 -7"><span class='ocrx_word' id='word_1_103' title='bbox 1415 1643 1516 1691; x_wconf 83' lang='lat' dir='ltr'>ER.</span> <span class='ocrx_word' id='word_1_104' title='bbox 1535 1642 1730 1698; x_wconf 88' lang='lat' dir='ltr'>Eccere,</span> 
     </span>
    </p>
   </div>
   <div class='ocr_carea' id='block_1_15' title="bbox 141 1739 1736 1902">
    <p class='ocr_par' dir='ltr' id='par_1_15' title="bbox 141 1739 1736 1902">
     <span class='ocr_line' id='line_1_19' title="bbox 205 1739 1734 1775; baseline -0.005 -5"><span class='ocrx_word' id='word_1_105' title='bbox 205 1751 249 1770; x_wconf 71' lang='grc' dir='ltr'>νν.</span> <span class='ocrx_word' id='word_1_106' title='bbox 265 1745 322 1775; x_wconf 77' lang='lat'>³02,</span> <span class='ocrx_word' id='word_1_107' title='bbox 337 1745 392 1770; x_wconf 72' lang='lat'>³11³.</span> <span class='ocrx_word' id='word_1_108' title='bbox 425 1744 463 1769; x_wconf 80' lang='lat' dir='ltr'>Hi</span> <span class='ocrx_word' id='word_1_109' title='bbox 480 1745 536 1770; x_wconf 86' lang='lat' dir='ltr'>duo</span> <span class='ocrx_word' id='word_1_110' title='bbox 552 1751 643 1770; x_wconf 75' lang='lat' dir='ltr'>versus</span> <span class='ocrx_word' id='word_1_111' title='bbox 659 1743 773 1769; x_wconf 79' lang='lat' dir='ltr'>confuse</span> <span class='ocrx_word' id='word_1_112' title='bbox 790 1744 820 1768; x_wconf 87' lang='lat' dir='ltr'>in</span> <span class='ocrx_word' id='word_1_113' title='bbox 836 1743 921 1769; x_wconf 86' lang='lat' dir='ltr'>codd.</span> <span class='ocrx_word' id='word_1_114' title='bbox 942 1742 1039 1768; x_wconf 75' lang='lat' dir='ltr'>nostris</span> <span class='ocrx_word' id='word_1_115' title='bbox 1057 1742 1201 1775; x_wconf 68' lang='lat' dir='ltr'>leguntun</span> <span class='ocrx_word' id='word_1_116' title='bbox 1218 1748 1269 1773; x_wconf 82' lang='lat' dir='ltr'>pro</span> <span class='ocrx_word' id='word_1_117' title='bbox 1286 1740 1461 1772; x_wconf 67' lang='lat' dir='ltr'>surripuisti,</span> <span class='ocrx_word' id='word_1_118' title='bbox 1478 1740 1509 1764; x_wconf 87' lang='lat' dir='ltr'>B.</span> <span class='ocrx_word' id='word_1_119' title='bbox 1522 1747 1546 1770; x_wconf 87' lang='lat' dir='ltr'>c,</span> <span class='ocrx_word' id='word_1_120' title='bbox 1565 1739 1647 1765; x_wconf 73' lang='lat' dir='ltr'>habet</span> <span class='ocrx_word' id='word_1_121' title='bbox 1664 1739 1734 1764; x_wconf 79' lang='lat' dir='ltr'>diri-</span> 
     </span>
     <span class='ocr_line' id='line_1_20' title="bbox 141 1781 1733 1818; baseline -0.005 -5"><span class='ocrx_word' id='word_1_122' title='bbox 141 1788 237 1818; x_wconf 71' lang='lat' dir='ltr'>puiste</span> <span class='ocrx_word' id='word_1_123' title='bbox 256 1787 474 1813; x_wconf 57' lang='lat' dir='ltr'>aiebam—ms.</span> <span class='ocrx_word' id='word_1_124' title='bbox 491 1787 569 1817; x_wconf 72' lang='lat' dir='ltr'>Mea,</span> <span class='ocrx_word' id='word_1_125' title='bbox 588 1785 733 1818; x_wconf 79' lang='lat' dir='ltr'>monosyll.</span> <span class='ocrx_word' id='word_1_126' title='bbox 760 1786 847 1818; x_wconf 74' lang='lat' dir='ltr'>supra</span> <span class='ocrx_word' id='word_1_127' title='bbox 863 1785 1035 1811; x_wconf 48' lang='lat' dir='ltr'>iaz—wi.</span> <span class='ocrx_word' id='word_1_128' title='bbox 1053 1785 1139 1814; x_wconf 77' lang='lat' dir='ltr'>cerm,</span> <span class='ocrx_word' id='word_1_129' title='bbox 1157 1784 1189 1809; x_wconf 85' lang='grc' dir='ltr'>Β.</span> <span class='ocrx_word' id='word_1_130' title='bbox 1206 1784 1228 1813; x_wconf 89' lang='lat'>1,</span> <span class='ocrx_word' id='word_1_131' title='bbox 1252 1783 1283 1808; x_wconf 88' lang='lat' dir='ltr'>B.</span> <span class='ocrx_word' id='word_1_132' title='bbox 1300 1782 1436 1812; x_wconf 66' lang='lat' dir='ltr'>e--mm,</span> <span class='ocrx_word' id='word_1_133' title='bbox 1457 1788 1516 1806; x_wconf 88' lang='lat' dir='ltr'>nou</span> <span class='ocrx_word' id='word_1_134' title='bbox 1535 1781 1733 1813; x_wconf 74' lang='lat' dir='ltr'>liquescit.—</span> 
     </span>
     <span class='ocr_line' id='line_1_21' title="bbox 142 1822 1731 1859; baseline -0.004 -5"><span class='ocrx_word' id='word_1_135' title='bbox 142 1829 199 1858; x_wconf 57' lang='grc' dir='ltr'>εἴη.</span> <span class='ocrx_word' id='word_1_136' title='bbox 215 1828 247 1854; x_wconf 84' lang='grc' dir='ltr'>Β.</span> <span class='ocrx_word' id='word_1_137' title='bbox 261 1829 283 1858; x_wconf 88' lang='lat'>1,</span> <span class='ocrx_word' id='word_1_138' title='bbox 306 1828 337 1853; x_wconf 91' lang='lat' dir='ltr'>B.</span> <span class='ocrx_word' id='word_1_139' title='bbox 348 1835 373 1858; x_wconf 86' lang='lat' dir='ltr'>c,</span> <span class='ocrx_word' id='word_1_140' title='bbox 395 1829 463 1854; x_wconf 75' lang='lat' dir='ltr'>Jam</span> <span class='ocrx_word' id='word_1_141' title='bbox 479 1834 555 1853; x_wconf 73' lang='lat' dir='ltr'>nunc</span> <span class='ocrx_word' id='word_1_142' title='bbox 576 1828 767 1859; x_wconf 43' lang='lat' dir='ltr'>moe-ma.</span> <span class='ocrx_word' id='word_1_143' title='bbox 789 1828 915 1856; x_wconf 71' lang='lat' dir='ltr'>Uxorem,</span> <span class='ocrx_word' id='word_1_144' title='bbox 938 1833 996 1852; x_wconf 84' lang='lat' dir='ltr'>non</span> <span class='ocrx_word' id='word_1_145' title='bbox 1015 1826 1265 1858; x_wconf 65' lang='lat' dir='ltr'>liquescit—310.</span> <span class='ocrx_word' id='word_1_146' title='bbox 1283 1825 1350 1850; x_wconf 75' lang='lat' dir='ltr'>sum</span> <span class='ocrx_word' id='word_1_147' title='bbox 1368 1830 1496 1856; x_wconf 68' lang='grc' dir='ltr'>ῳνωεω,</span> <span class='ocrx_word' id='word_1_148' title='bbox 1524 1822 1569 1848; x_wconf 80' lang='lat' dir='ltr'>Ita</span> <span class='ocrx_word' id='word_1_149' title='bbox 1588 1822 1674 1848; x_wconf 78' lang='lat' dir='ltr'>codd.</span> <span class='ocrx_word' id='word_1_150' title='bbox 1701 1825 1731 1848; x_wconf 89' lang='lat' dir='ltr'>et</span> 
     </span>
     <span class='ocr_line' id='line_1_22' title="bbox 144 1865 1736 1902; baseline -0.003 -6"><span class='ocrx_word' id='word_1_151' title='bbox 144 1871 217 1896; x_wconf 74' lang='lat' dir='ltr'>Libr-</span> <span class='ocrx_word' id='word_1_152' title='bbox 235 1871 463 1901; x_wconf 61' lang='lat' dir='ltr'>Edd-Conveni,</span> <span class='ocrx_word' id='word_1_153' title='bbox 479 1876 537 1896; x_wconf 81' lang='lat' dir='ltr'>non</span> <span class='ocrx_word' id='word_1_154' title='bbox 552 1869 772 1902; x_wconf 63' lang='lat' dir='ltr'>liquescit—Pro</span> <span class='ocrx_word' id='word_1_155' title='bbox 788 1870 894 1899; x_wconf 68' lang='lat' dir='ltr'>Emere,</span> <span class='ocrx_word' id='word_1_156' title='bbox 911 1869 943 1894; x_wconf 89' lang='lat' dir='ltr'>B.</span> <span class='ocrx_word' id='word_1_157' title='bbox 957 1869 979 1899; x_wconf 93' lang='lat'>1,</span> <span class='ocrx_word' id='word_1_158' title='bbox 997 1868 1029 1894; x_wconf 86' lang='lat' dir='ltr'>B.</span> <span class='ocrx_word' id='word_1_159' title='bbox 1040 1876 1064 1898; x_wconf 89' lang='lat' dir='ltr'>c,</span> <span class='ocrx_word' id='word_1_160' title='bbox 1080 1874 1138 1895; x_wconf 73' lang='lat' dir='ltr'>eece</span> <span class='ocrx_word' id='word_1_161' title='bbox 1151 1874 1218 1898; x_wconf 81' lang='lat' dir='ltr'>rem,</span> <span class='ocrx_word' id='word_1_162' title='bbox 1237 1870 1265 1893; x_wconf 80' lang='lat' dir='ltr'>et</span> <span class='ocrx_word' id='word_1_163' title='bbox 1279 1866 1451 1892; x_wconf 68' lang='lat' dir='ltr'>Menaechmo</span> <span class='ocrx_word' id='word_1_164' title='bbox 1465 1865 1599 1892; x_wconf 78' lang='lat' dir='ltr'>tribuunt.</span> <span class='ocrx_word' id='word_1_165' title='bbox 1633 1866 1736 1891; x_wconf 68' lang='lat' dir='ltr'>Exere</span> 
     </span>
    </p>
   </div>
   <div class='ocr_carea' id='block_1_16' title="bbox 143 1913 569 1945">
    <p class='ocr_par' dir='ltr' id='par_1_16' title="bbox 143 1913 569 1945">
     <span class='ocr_line' id='line_1_23' title="bbox 143 1913 569 1945; baseline 0.002 -7"><span class='ocrx_word' id='word_1_166' title='bbox 143 1913 246 1939; x_wconf 71' lang='lat' dir='ltr'>habent</span> <span class='ocrx_word' id='word_1_167' title='bbox 260 1913 327 1938; x_wconf 79' lang='lat' dir='ltr'>Edd.</span> <span class='ocrx_word' id='word_1_168' title='bbox 345 1914 480 1945; x_wconf 62' lang='lat' dir='ltr'>plerusque</span> <span class='ocrx_word' id='word_1_169' title='bbox 494 1913 569 1939; x_wconf 62' lang='lat' dir='ltr'>Vest-</span> 
     </span>
    </p>
   </div>
   <div class='ocr_carea' id='block_1_17' title="bbox 147 1975 910 2442">
    <p class='ocr_par' dir='ltr' id='par_1_17' title="bbox 147 1975 910 2442">
     <span class='ocr_line' id='line_1_24' title="bbox 147 1975 903 2030; baseline -0.005 -13"><span class='ocrx_word' id='word_1_170' title='bbox 147 1978 296 2017; x_wconf 85' lang='lat' dir='ltr'>Similis</span> <span class='ocrx_word' id='word_1_171' title='bbox 319 1985 380 2017; x_wconf 88' lang='lat' dir='ltr'>est</span> <span class='ocrx_word' id='word_1_172' title='bbox 399 1978 515 2030; x_wconf 86' lang='lat' dir='ltr'>jocus</span> <span class='ocrx_word' id='word_1_173' title='bbox 537 1977 580 2015; x_wconf 86' lang='lat' dir='ltr'>in</span> <span class='ocrx_word' id='word_1_174' title='bbox 597 1976 757 2015; x_wconf 87' lang='lat' dir='ltr'>nomine</span> <span class='ocrx_word' id='word_1_175' title='bbox 783 1975 903 2014; x_wconf 85' lang='lat' dir='ltr'>Para-</span> 
     </span>
     <span class='ocr_line' id='line_1_25' title="bbox 147 2041 515 2088; baseline -0.005 -8"><span class='ocrx_word' id='word_1_176' title='bbox 147 2041 224 2088; x_wconf 88' lang='lat' dir='ltr'>siti,</span> <span class='ocrx_word' id='word_1_177' title='bbox 244 2041 408 2080; x_wconf 88' lang='lat' dir='ltr'>Curcul.</span> <span class='ocrx_word' id='word_1_178' title='bbox 428 2046 515 2085; x_wconf 86' lang='lat'>587.</span> 
     </span>
     <span class='ocr_line' id='line_1_26' title="bbox 147 2113 876 2148; baseline -0.005 0"><span class='ocrx_word' id='word_1_179' title='bbox 147 2117 213 2148; x_wconf 77' lang='lat' dir='ltr'>Tu.</span> <span class='ocrx_word' id='word_1_180' title='bbox 231 2116 329 2148; x_wconf 87' lang='lat' dir='ltr'>“Ubi</span> <span class='ocrx_word' id='word_1_181' title='bbox 348 2126 433 2147; x_wconf 90' lang='lat' dir='ltr'>nunc</span> <span class='ocrx_word' id='word_1_182' title='bbox 454 2114 678 2147; x_wconf 86' lang='lat' dir='ltr'>Curculionem</span> <span class='ocrx_word' id='word_1_183' title='bbox 698 2113 876 2145; x_wconf 62' lang='lat' dir='ltr'>inveniam?</span> 
     </span>
     <span class='ocr_line' id='line_1_27' title="bbox 423 2164 868 2202; baseline -0.004 -5"><span class='ocrx_word' id='word_1_184' title='bbox 423 2166 487 2198; x_wconf 72' lang='lat' dir='ltr'>CA.</span> <span class='ocrx_word' id='word_1_185' title='bbox 526 2165 567 2197; x_wconf 83' lang='lat' dir='ltr'>In</span> <span class='ocrx_word' id='word_1_186' title='bbox 585 2164 688 2196; x_wconf 83' lang='lat' dir='ltr'>tritico</span> <span class='ocrx_word' id='word_1_187' title='bbox 706 2164 868 2202; x_wconf 87' lang='lat' dir='ltr'>facillime,</span> 
     </span>
     <span class='ocr_line' id='line_1_28' title="bbox 151 2214 909 2256; baseline -0.005 -7"><span class='ocrx_word' id='word_1_188' title='bbox 151 2217 215 2249; x_wconf 85' lang='lat' dir='ltr'>Vel</span> <span class='ocrx_word' id='word_1_189' title='bbox 239 2217 427 2256; x_wconf 79' lang='lat' dir='ltr'>quingentos</span> <span class='ocrx_word' id='word_1_190' title='bbox 449 2215 640 2248; x_wconf 73' lang='lat' dir='ltr'>curculiones</span> <span class='ocrx_word' id='word_1_191' title='bbox 665 2226 721 2254; x_wconf 84' lang='lat' dir='ltr'>pro</span> <span class='ocrx_word' id='word_1_192' title='bbox 747 2224 811 2245; x_wconf 89' lang='lat' dir='ltr'>uno</span> <span class='ocrx_word' id='word_1_193' title='bbox 837 2214 909 2245; x_wconf 87' lang='lat' dir='ltr'>faxo</span> 
     </span>
     <span class='ocr_line' id='line_1_29' title="bbox 227 2265 401 2305; baseline -0.006 -7"><span class='ocrx_word' id='word_1_194' title='bbox 227 2265 401 2305; x_wconf 83' lang='lat' dir='ltr'>repenes.&#39;’</span> 
     </span>
     <span class='ocr_line' id='line_1_30' title="bbox 201 2325 909 2380; baseline -0.007 -11"><span class='ocrx_word' id='word_1_195' title='bbox 201 2334 293 2368; x_wconf 81' lang='lat'>304.</span> <span class='ocrx_word' id='word_1_196' title='bbox 346 2327 555 2380; x_wconf 75' lang='lat' dir='ltr'>Somniat.]</span> <span class='ocrx_word' id='word_1_197' title='bbox 609 2327 716 2376; x_wconf 84' lang='lat' dir='ltr'>Quia</span> <span class='ocrx_word' id='word_1_198' title='bbox 734 2326 848 2379; x_wconf 83' lang='lat' dir='ltr'>quasi</span> <span class='ocrx_word' id='word_1_199' title='bbox 867 2325 909 2363; x_wconf 91' lang='lat' dir='ltr'>in</span> 
     </span>
     <span class='ocr_line' id='line_1_31' title="bbox 150 2388 910 2442; baseline -0.007 -11"><span class='ocrx_word' id='word_1_200' title='bbox 150 2392 298 2431; x_wconf 84' lang='lat' dir='ltr'>somnis</span> <span class='ocrx_word' id='word_1_201' title='bbox 310 2405 440 2442; x_wconf 83' lang='lat' dir='ltr'>nugas</span> <span class='ocrx_word' id='word_1_202' title='bbox 457 2397 498 2429; x_wconf 86' lang='lat' dir='ltr'>et</span> <span class='ocrx_word' id='word_1_203' title='bbox 511 2390 768 2429; x_wconf 82' lang='lat' dir='ltr'>deliramenta</span> <span class='ocrx_word' id='word_1_204' title='bbox 779 2388 910 2440; x_wconf 91' lang='lat' dir='ltr'>loqui-</span> 
     </span>
    </p>
   </div>
   <div class='ocr_carea' id='block_1_18' title="bbox 82 2442 910 2494">
    <p class='ocr_par' dir='ltr' id='par_1_18' title="bbox 82 2442 910 2494">
     <span class='ocr_line' id='line_1_32' title="bbox 82 2442 910 2494; baseline -0.007 0"><span class='ocrx_word' id='word_1_205' title='bbox 82 2442 95 2453; x_wconf 47' lang='lat'><strong><em>.</em></strong></span> <span class='ocrx_word' id='word_1_206' title='bbox 151 2463 231 2494; x_wconf 85' lang='lat' dir='ltr'>tur.</span> <span class='ocrx_word' id='word_1_207' title='bbox 257 2454 323 2494; x_wconf 83' lang='lat' dir='ltr'>Sic</span> <span class='ocrx_word' id='word_1_208' title='bbox 333 2454 446 2492; x_wconf 87' lang='lat' dir='ltr'>Infra</span> <span class='ocrx_word' id='word_1_209' title='bbox 456 2453 544 2493; x_wconf 85' lang='lat'>406.</span> <span class='ocrx_word' id='word_1_210' title='bbox 568 2453 714 2491; x_wconf 88' lang='lat' dir='ltr'>Confer</span> <span class='ocrx_word' id='word_1_211' title='bbox 724 2452 910 2493; x_wconf 74' lang='lat' dir='ltr'>SHAKSP.</span> 
     </span>
    </p>
   </div>
   <div class='ocr_carea' id='block_1_19' title="bbox 154 2523 911 2670">
    <p class='ocr_par' dir='ltr' id='par_1_19' title="bbox 154 2523 911 2670">
     <span class='ocr_line' id='line_1_33' title="bbox 154 2523 911 2560; baseline -0.007 -1"><span class='ocrx_word' id='word_1_212' title='bbox 154 2528 239 2560; x_wconf 67' lang='lat' dir='ltr'>Art-r.</span> <span class='ocrx_word' id='word_1_213' title='bbox 254 2528 291 2560; x_wconf 88' lang='lat' dir='ltr'>S.</span> <span class='ocrx_word' id='word_1_214' title='bbox 308 2530 329 2545; x_wconf 88' lang='lat'><strong>“</strong></span> <span class='ocrx_word' id='word_1_215' title='bbox 344 2526 444 2558; x_wconf 84' lang='lat' dir='ltr'>What</span> <span class='ocrx_word' id='word_1_216' title='bbox 463 2536 527 2557; x_wconf 84' lang='lat' dir='ltr'>was</span> <span class='ocrx_word' id='word_1_217' title='bbox 550 2526 567 2556; x_wconf 96' lang='lat' dir='ltr'>I</span> <span class='ocrx_word' id='word_1_218' title='bbox 590 2525 724 2557; x_wconf 87' lang='lat' dir='ltr'>married</span> <span class='ocrx_word' id='word_1_219' title='bbox 745 2530 777 2556; x_wconf 82' lang='lat' dir='ltr'>to</span> <span class='ocrx_word' id='word_1_220' title='bbox 800 2523 856 2555; x_wconf 88' lang='lat' dir='ltr'>her</span> <span class='ocrx_word' id='word_1_221' title='bbox 877 2523 911 2554; x_wconf 88' lang='lat' dir='ltr'>in</span> 
     </span>
     <span class='ocr_line' id='line_1_34' title="bbox 230 2577 425 2617; baseline -0.015 -7"><span class='ocrx_word' id='word_1_222' title='bbox 230 2588 284 2617; x_wconf 79' lang='lat' dir='ltr'>my</span> <span class='ocrx_word' id='word_1_223' title='bbox 302 2577 425 2609; x_wconf 78' lang='lat' dir='ltr'>dream?</span> 
     </span>
     <span class='ocr_line' id='line_1_35' title="bbox 157 2624 890 2670; baseline -0.008 -9"><span class='ocrx_word' id='word_1_224' title='bbox 157 2630 202 2661; x_wconf 83' lang='lat' dir='ltr'>Or</span> <span class='ocrx_word' id='word_1_225' title='bbox 213 2630 291 2670; x_wconf 73' lang='lat' dir='ltr'>sleep</span> <span class='ocrx_word' id='word_1_226' title='bbox 306 2628 325 2660; x_wconf 86' lang='lat'>1</span> <span class='ocrx_word' id='word_1_227' title='bbox 336 2639 414 2664; x_wconf 77' lang='lat' dir='ltr'>now,</span> <span class='ocrx_word' id='word_1_228' title='bbox 428 2628 492 2659; x_wconf 77' lang='lat' dir='ltr'>and</span> <span class='ocrx_word' id='word_1_229' title='bbox 504 2627 593 2659; x_wconf 79' lang='lat' dir='ltr'>think</span> <span class='ocrx_word' id='word_1_230' title='bbox 607 2626 624 2657; x_wconf 95' lang='lat'>1</span> <span class='ocrx_word' id='word_1_231' title='bbox 638 2625 714 2658; x_wconf 87' lang='lat' dir='ltr'>hear</span> <span class='ocrx_word' id='word_1_232' title='bbox 727 2625 771 2657; x_wconf 84' lang='lat' dir='ltr'>all</span> <span class='ocrx_word' id='word_1_233' title='bbox 785 2624 890 2656; x_wconf 64' lang='lat' dir='ltr'>thisv’</span> 
     </span>
    </p>
   </div>
   <div class='ocr_carea' id='block_1_20' title="bbox 157 2690 484 2743">
    <p class='ocr_par' dir='ltr' id='par_1_20' title="bbox 157 2690 484 2743">
     <span class='ocr_line' id='line_1_36' title="bbox 157 2690 484 2743; baseline -0.006 -13"><span class='ocrx_word' id='word_1_234' title='bbox 157 2691 215 2730; x_wconf 80' lang='lat' dir='ltr'>Et</span> <span class='ocrx_word' id='word_1_235' title='bbox 228 2690 363 2743; x_wconf 83' lang='lat' dir='ltr'>paullo</span> <span class='ocrx_word' id='word_1_236' title='bbox 379 2697 484 2742; x_wconf 87' lang='lat' dir='ltr'>post,</span> 
     </span>
    </p>
   </div>
   <div class='ocr_carea' id='block_1_21' title="bbox 156 2759 915 2903">
    <p class='ocr_par' dir='ltr' id='par_1_21' title="bbox 156 2759 915 2903">
     <span class='ocr_line' id='line_1_37' title="bbox 156 2759 914 2803; baseline -0.007 -7"><span class='ocrx_word' id='word_1_237' title='bbox 156 2769 179 2781; x_wconf 88' lang='lat'>“</span> <span class='ocrx_word' id='word_1_238' title='bbox 191 2764 254 2796; x_wconf 79' lang='lat' dir='ltr'>Am</span> <span class='ocrx_word' id='word_1_239' title='bbox 272 2762 460 2803; x_wconf 76' lang='lat' dir='ltr'>I...⁸leeping</span> <span class='ocrx_word' id='word_1_240' title='bbox 481 2773 514 2793; x_wconf 82' lang='lat' dir='ltr'>or</span> <span class='ocrx_word' id='word_1_241' title='bbox 534 2762 677 2801; x_wconf 79' lang='lat' dir='ltr'>making?</span> <span class='ocrx_word' id='word_1_242' title='bbox 704 2761 774 2793; x_wconf 81' lang='lat' dir='ltr'>mad</span> <span class='ocrx_word' id='word_1_243' title='bbox 791 2770 827 2792; x_wconf 86' lang='lat' dir='ltr'>or</span> <span class='ocrx_word' id='word_1_244' title='bbox 840 2759 914 2792; x_wconf 85' lang='lat' dir='ltr'>well</span> 
     </span>
     <span class='ocr_line' id='line_1_38' title="bbox 236 2813 402 2846; baseline -0.012 0"><span class='ocrx_word' id='word_1_245' title='bbox 236 2813 402 2846; x_wconf 62' lang='lat' dir='ltr'>advis’dY’</span> 
     </span>
     <span class='ocr_line' id='line_1_39' title="bbox 383 2862 915 2903; baseline -0.004 -9"><span class='ocrx_word' id='word_1_246' title='bbox 383 2863 465 2894; x_wconf 82' lang='lat' dir='ltr'>com.</span> <span class='ocrx_word' id='word_1_247' title='bbox 484 2864 521 2903; x_wconf 73' lang='lat' dir='ltr'>‘ff</span> <span class='ocrx_word' id='word_1_248' title='bbox 539 2863 613 2894; x_wconf 84' lang='lat' dir='ltr'>Err.</span> <span class='ocrx_word' id='word_1_249' title='bbox 652 2862 726 2894; x_wconf 83' lang='lat' dir='ltr'>Act.</span> <span class='ocrx_word' id='word_1_250' title='bbox 740 2862 789 2894; x_wconf 93' lang='lat'>11.</span> <span class='ocrx_word' id='word_1_251' title='bbox 809 2862 862 2893; x_wconf 89' lang='lat' dir='ltr'>Sc.</span> <span class='ocrx_word' id='word_1_252' title='bbox 877 2872 915 2894; x_wconf 84' lang='lat'>11.</span> 
     </span>
    </p>
   </div>
   <div class='ocr_carea' id='block_1_22' title="bbox 973 1973 1736 2154">
    <p class='ocr_par' dir='ltr' id='par_1_22' title="bbox 973 1973 1736 2154">
     <span class='ocr_line' id='line_1_40' title="bbox 1023 1973 1733 2026; baseline -0.006 -12"><span class='ocrx_word' id='word_1_253' title='bbox 1023 1980 1112 2021; x_wconf 91' lang='grc'><strong>309.</strong></span> <span class='ocrx_word' id='word_1_254' title='bbox 1179 1974 1390 2026; x_wconf 71' lang='lat' dir='ltr'>Postquam</span> <span class='ocrx_word' id='word_1_255' title='bbox 1443 1979 1560 2012; x_wconf 79' lang='lat' dir='ltr'>natus</span> <span class='ocrx_word' id='word_1_256' title='bbox 1613 1973 1733 2025; x_wconf 71' lang='lat' dir='ltr'>sum]</span> 
     </span>
     <span class='ocr_line' id='line_1_41' title="bbox 973 2037 1734 2090; baseline -0.005 -12"><span class='ocrx_word' id='word_1_257' title='bbox 973 2044 985 2062; x_wconf 92' lang='lat'>‘</span> <span class='ocrx_word' id='word_1_258' title='bbox 1000 2039 1116 2078; x_wconf 88' lang='lat' dir='ltr'>Since</span> <span class='ocrx_word' id='word_1_259' title='bbox 1133 2038 1203 2078; x_wconf 84' lang='lat' dir='ltr'>the</span> <span class='ocrx_word' id='word_1_260' title='bbox 1221 2038 1300 2090; x_wconf 86' lang='lat' dir='ltr'>day</span> <span class='ocrx_word' id='word_1_261' title='bbox 1315 2038 1333 2076; x_wconf 96' lang='lat'>1</span> <span class='ocrx_word' id='word_1_262' title='bbox 1351 2051 1432 2076; x_wconf 86' lang='lat' dir='ltr'>was</span> <span class='ocrx_word' id='word_1_263' title='bbox 1449 2038 1575 2076; x_wconf 89' lang='lat' dir='ltr'>born.’</span> <span class='ocrx_word' id='word_1_264' title='bbox 1630 2037 1686 2075; x_wconf 91' lang='lat' dir='ltr'>H.</span> <span class='ocrx_word' id='word_1_265' title='bbox 1700 2050 1734 2075; x_wconf 91' lang='lat' dir='ltr'>e.</span> 
     </span>
     <span class='ocr_line' id='line_1_42' title="bbox 973 2101 1736 2154; baseline -0.003 -13"><span class='ocrx_word' id='word_1_266' title='bbox 973 2103 1038 2141; x_wconf 88' lang='lat' dir='ltr'>Ex</span> <span class='ocrx_word' id='word_1_267' title='bbox 1059 2116 1141 2154; x_wconf 91' lang='lat' dir='ltr'>quo</span> <span class='ocrx_word' id='word_1_268' title='bbox 1158 2102 1235 2142; x_wconf 87' lang='lat' dir='ltr'>die.</span> <span class='ocrx_word' id='word_1_269' title='bbox 1288 2102 1401 2141; x_wconf 83' lang='lat' dir='ltr'>Infra</span> <span class='ocrx_word' id='word_1_270' title='bbox 1420 2106 1508 2141; x_wconf 87' lang='grc'><strong>853.</strong></span> <span class='ocrx_word' id='word_1_271' title='bbox 1560 2101 1736 2152; x_wconf 87' lang='lat' dir='ltr'>Elegan-</span> 
     </span>
    </p>
   </div>
   <div class='ocr_carea' id='block_1_23' title="bbox 974 2167 1238 2206">
    <p class='ocr_par' dir='ltr' id='par_1_23' title="bbox 974 2167 1238 2206">
     <span class='ocr_line' id='line_1_43' title="bbox 974 2167 1238 2206; baseline -0.004 0"><span class='ocrx_word' id='word_1_272' title='bbox 974 2174 1036 2206; x_wconf 83' lang='lat' dir='ltr'>ter</span> <span class='ocrx_word' id='word_1_273' title='bbox 1055 2167 1238 2206; x_wconf 64' lang='lat' dir='ltr'>Smxsn</span> 
     </span>
    </p>
   </div>
   <div class='ocr_carea' id='block_1_24' title="bbox 976 2226 1739 2316">
    <p class='ocr_par' dir='ltr' id='par_1_24' title="bbox 976 2226 1739 2316">
     <span class='ocr_line' id='line_1_44' title="bbox 976 2226 1739 2268; baseline -0.005 -7"><span class='ocrx_word' id='word_1_274' title='bbox 976 2230 1062 2262; x_wconf 69' lang='lat' dir='ltr'>Aur.</span> <span class='ocrx_word' id='word_1_275' title='bbox 1075 2230 1109 2261; x_wconf 89' lang='lat' dir='ltr'>S.</span> <span class='ocrx_word' id='word_1_276' title='bbox 1149 2230 1172 2246; x_wconf 88' lang='lat'><strong>“</strong></span> <span class='ocrx_word' id='word_1_277' title='bbox 1185 2229 1225 2260; x_wconf 91' lang='lat' dir='ltr'>In</span> <span class='ocrx_word' id='word_1_278' title='bbox 1239 2228 1386 2268; x_wconf 82' lang='lat' dir='ltr'>Ephesus</span> <span class='ocrx_word' id='word_1_279' title='bbox 1400 2228 1417 2259; x_wconf 94' lang='lat'>1</span> <span class='ocrx_word' id='word_1_280' title='bbox 1431 2238 1483 2259; x_wconf 79' lang='lat' dir='ltr'>am</span> <span class='ocrx_word' id='word_1_281' title='bbox 1496 2227 1554 2259; x_wconf 88' lang='lat' dir='ltr'>but</span> <span class='ocrx_word' id='word_1_282' title='bbox 1566 2232 1628 2258; x_wconf 88' lang='lat' dir='ltr'>two</span> <span class='ocrx_word' id='word_1_283' title='bbox 1642 2226 1739 2258; x_wconf 80' lang='lat' dir='ltr'>hom-s</span> 
     </span>
     <span class='ocr_line' id='line_1_45' title="bbox 1053 2281 1120 2316; baseline 0 -4"><span class='ocrx_word' id='word_1_284' title='bbox 1053 2281 1120 2316; x_wconf 89' lang='lat' dir='ltr'>old,</span> 
     </span>
    </p>
   </div>
   <div class='ocr_carea' id='block_1_25' title="bbox 977 2325 1765 2420">
    <p class='ocr_par' dir='ltr' id='par_1_25' title="bbox 977 2325 1765 2420">
     <span class='ocr_line' id='line_1_46' title="bbox 977 2325 1765 2370; baseline -0.008 -7"><span class='ocrx_word' id='word_1_285' title='bbox 977 2331 1024 2363; x_wconf 83' lang='lat' dir='ltr'>As</span> <span class='ocrx_word' id='word_1_286' title='bbox 1033 2337 1158 2370; x_wconf 84' lang='lat' dir='ltr'>strange</span> <span class='ocrx_word' id='word_1_287' title='bbox 1171 2335 1248 2362; x_wconf 84' lang='lat' dir='ltr'>unto</span> <span class='ocrx_word' id='word_1_288' title='bbox 1258 2340 1336 2369; x_wconf 82' lang='lat' dir='ltr'>your</span> <span class='ocrx_word' id='word_1_289' title='bbox 1346 2335 1443 2368; x_wconf 88' lang='lat' dir='ltr'>town,</span> <span class='ocrx_word' id='word_1_290' title='bbox 1454 2339 1488 2360; x_wconf 88' lang='lat' dir='ltr'>as</span> <span class='ocrx_word' id='word_1_291' title='bbox 1498 2334 1531 2360; x_wconf 83' lang='lat' dir='ltr'>to</span> <span class='ocrx_word' id='word_1_292' title='bbox 1545 2338 1624 2366; x_wconf 85' lang='lat' dir='ltr'>your</span> <span class='ocrx_word' id='word_1_293' title='bbox 1636 2325 1738 2358; x_wconf 83' lang='lat' dir='ltr'>talk.”</span> <span class='ocrx_word' id='word_1_294' title='bbox 1762 2341 1765 2345; x_wconf 93' lang='lat'>·</span> 
     </span>
     <span class='ocr_line' id='line_1_47' title="bbox 1174 2378 1738 2420; baseline -0.007 -8"><span class='ocrx_word' id='word_1_295' title='bbox 1174 2381 1257 2412; x_wconf 87' lang='lat' dir='ltr'>Com.</span> <span class='ocrx_word' id='word_1_296' title='bbox 1278 2382 1315 2420; x_wconf 77' lang='lat' dir='ltr'>os</span> <span class='ocrx_word' id='word_1_297' title='bbox 1332 2380 1406 2411; x_wconf 82' lang='lat' dir='ltr'>Err.</span> <span class='ocrx_word' id='word_1_298' title='bbox 1450 2379 1526 2410; x_wconf 89' lang='lat' dir='ltr'>Act.</span> <span class='ocrx_word' id='word_1_299' title='bbox 1540 2378 1608 2409; x_wconf 90' lang='lat' dir='ltr'>III.</span> <span class='ocrx_word' id='word_1_300' title='bbox 1632 2378 1685 2408; x_wconf 90' lang='lat' dir='ltr'>Sc.</span> <span class='ocrx_word' id='word_1_301' title='bbox 1698 2387 1738 2408; x_wconf 83' lang='lat'>11.</span> 
     </span>
    </p>
   </div>
   <div class='ocr_carea' id='block_1_26' title="bbox 977 2442 1737 2545">
    <p class='ocr_par' dir='ltr' id='par_1_26' title="bbox 977 2442 1737 2545">
     <span class='ocr_line' id='line_1_48' title="bbox 977 2442 1609 2498; baseline -0.009 -16"><span class='ocrx_word' id='word_1_302' title='bbox 977 2443 1094 2482; x_wconf 81' lang='lat' dir='ltr'>Conf.</span> <span class='ocrx_word' id='word_1_303' title='bbox 1116 2443 1229 2483; x_wconf 79' lang='lat' dir='ltr'>Nost.</span> <span class='ocrx_word' id='word_1_304' title='bbox 1248 2442 1398 2498; x_wconf 86' lang='lat' dir='ltr'>Amph.</span> <span class='ocrx_word' id='word_1_305' title='bbox 1416 2446 1505 2481; x_wconf 88' lang='lat'>580.</span> <span class='ocrx_word' id='word_1_306' title='bbox 1523 2454 1609 2491; x_wconf 88' lang='lat' dir='ltr'>sqq.</span> 
     </span>
     <span class='ocr_line' id='line_1_49' title="bbox 977 2500 1737 2545; baseline -0.008 -8"><span class='ocrx_word' id='word_1_307' title='bbox 977 2508 998 2523; x_wconf 85' lang='lat'>·‘</span> <span class='ocrx_word' id='word_1_308' title='bbox 1011 2505 1062 2537; x_wconf 91' lang='lat' dir='ltr'>Ibi</span> <span class='ocrx_word' id='word_1_309' title='bbox 1071 2505 1207 2541; x_wconf 87' lang='lat' dir='ltr'>coenavi,</span> <span class='ocrx_word' id='word_1_310' title='bbox 1215 2510 1308 2545; x_wconf 86' lang='lat' dir='ltr'>atque</span> <span class='ocrx_word' id='word_1_311' title='bbox 1317 2503 1361 2536; x_wconf 92' lang='lat' dir='ltr'>ibi</span> <span class='ocrx_word' id='word_1_312' title='bbox 1370 2502 1475 2542; x_wconf 86' lang='lat' dir='ltr'>quievi</span> <span class='ocrx_word' id='word_1_313' title='bbox 1484 2502 1517 2532; x_wconf 91' lang='lat' dir='ltr'>in</span> <span class='ocrx_word' id='word_1_314' title='bbox 1529 2500 1603 2532; x_wconf 87' lang='lat' dir='ltr'>navi</span> <span class='ocrx_word' id='word_1_315' title='bbox 1612 2505 1737 2532; x_wconf 79' lang='lat' dir='ltr'>noctem</span> 
     </span>
    </p>
   </div>
   <div class='ocr_carea' id='block_1_27' title="bbox 1018 2560 1739 2646">
    <p class='ocr_par' dir='ltr' id='par_1_27' title="bbox 1018 2560 1739 2646">
     <span class='ocr_line' id='line_1_50' title="bbox 1054 2560 1224 2595; baseline -0.012 0"><span class='ocrx_word' id='word_1_316' title='bbox 1054 2560 1224 2595; x_wconf 63' lang='lat' dir='ltr'>perpetem,</span> 
     </span>
     <span class='ocr_line' id='line_1_51' title="bbox 1018 2601 1739 2646; baseline -0.007 -7"><span class='ocrx_word' id='word_1_317' title='bbox 1018 2607 1132 2646; x_wconf 85' lang='lat' dir='ltr'>Neque</span> <span class='ocrx_word' id='word_1_318' title='bbox 1150 2606 1261 2645; x_wconf 87' lang='lat' dir='ltr'>pedem</span> <span class='ocrx_word' id='word_1_319' title='bbox 1280 2613 1386 2635; x_wconf 83' lang='lat' dir='ltr'>meum</span> <span class='ocrx_word' id='word_1_320' title='bbox 1404 2603 1466 2634; x_wconf 89' lang='lat' dir='ltr'>huc</span> <span class='ocrx_word' id='word_1_321' title='bbox 1485 2601 1579 2633; x_wconf 88' lang='lat' dir='ltr'>intuli</span> <span class='ocrx_word' id='word_1_322' title='bbox 1592 2601 1688 2634; x_wconf 82' lang='lat' dir='ltr'>etiam</span> <span class='ocrx_word' id='word_1_323' title='bbox 1704 2602 1739 2634; x_wconf 85' lang='lat' dir='ltr'>in</span> 
     </span>
    </p>
   </div>
   <div class='ocr_carea' id='block_1_28' title="bbox 1057 2655 1172 2688">
    <p class='ocr_par' dir='ltr' id='par_1_28' title="bbox 1057 2655 1172 2688">
     <span class='ocr_line' id='line_1_52' title="bbox 1057 2655 1172 2688; baseline -0.009 0"><span class='ocrx_word' id='word_1_324' title='bbox 1057 2655 1172 2688; x_wconf 80' lang='lat' dir='ltr'>aedes.&#39;’</span> 
     </span>
    </p>
   </div>
   <div class='ocr_carea' id='block_1_29' title="bbox 980 2714 1785 2894">
    <p class='ocr_par' dir='ltr' id='par_1_29' title="bbox 980 2714 1785 2894">
     <span class='ocr_line' id='line_1_53' title="bbox 1030 2714 1738 2768; baseline -0.006 -11"><span class='ocrx_word' id='word_1_325' title='bbox 1030 2741 1085 2749; x_wconf 92' lang='lat'>—</span> <span class='ocrx_word' id='word_1_326' title='bbox 1135 2716 1317 2768; x_wconf 67' lang='lat' dir='ltr'>Eccere]</span> <span class='ocrx_word' id='word_1_327' title='bbox 1370 2714 1478 2753; x_wconf 88' lang='lat' dir='ltr'>Vide</span> <span class='ocrx_word' id='word_1_328' title='bbox 1496 2714 1625 2753; x_wconf 85' lang='lat' dir='ltr'>Gloss.</span> <span class='ocrx_word' id='word_1_329' title='bbox 1653 2714 1738 2753; x_wconf 87' lang='lat' dir='ltr'>Alii</span> 
     </span>
     <span class='ocr_line' id='line_1_54' title="bbox 980 2778 1785 2834; baseline -0.005 -12"><span class='ocrx_word' id='word_1_330' title='bbox 980 2789 1115 2822; x_wconf 87' lang='lat' dir='ltr'>autem</span> <span class='ocrx_word' id='word_1_331' title='bbox 1135 2795 1210 2834; x_wconf 88' lang='lat' dir='ltr'>pro</span> <span class='ocrx_word' id='word_1_332' title='bbox 1228 2792 1311 2818; x_wconf 87' lang='lat' dir='ltr'>ecce</span> <span class='ocrx_word' id='word_1_333' title='bbox 1333 2778 1508 2830; x_wconf 83' lang='lat' dir='ltr'>positum</span> <span class='ocrx_word' id='word_1_334' title='bbox 1524 2778 1740 2829; x_wconf 83' lang='lat' dir='ltr'>accipiunt.</span> <span class='ocrx_word' id='word_1_335' title='bbox 1778 2785 1785 2793; x_wconf 92' lang='lat'>&#39;</span> 
     </span>
     <span class='ocr_line' id='line_1_55' title="bbox 982 2841 1740 2894; baseline -0.005 -9"><span class='ocrx_word' id='word_1_336' title='bbox 982 2846 1045 2885; x_wconf 71' lang='lat' dir='ltr'>Fn</span> <span class='ocrx_word' id='word_1_337' title='bbox 1052 2858 1110 2884; x_wconf 72' lang='grc' dir='ltr'>ετ.</span> <span class='ocrx_word' id='word_1_338' title='bbox 1135 2844 1216 2883; x_wconf 86' lang='lat' dir='ltr'>Alii</span> <span class='ocrx_word' id='word_1_339' title='bbox 1227 2856 1300 2894; x_wconf 85' lang='lat' dir='ltr'>pro</span> <span class='ocrx_word' id='word_1_340' title='bbox 1309 2854 1392 2880; x_wconf 88' lang='lat' dir='ltr'>ecce</span> <span class='ocrx_word' id='word_1_341' title='bbox 1401 2854 1462 2880; x_wconf 74' lang='lat' dir='ltr'>ree</span> <span class='ocrx_word' id='word_1_342' title='bbox 1468 2855 1486 2884; x_wconf 90' lang='lat'><em>;</em></span> <span class='ocrx_word' id='word_1_343' title='bbox 1500 2841 1579 2891; x_wconf 85' lang='lat' dir='ltr'>(La</span> <span class='ocrx_word' id='word_1_344' title='bbox 1589 2841 1740 2891; x_wconf 86' lang='lat' dir='ltr'>there!)</span> 
     </span>
    </p>
   </div>
  </div>
 </body>
</html>
