1864 3152
642 252 707 295 IN
743 251 1180 294 MENAECHMOS.
1597 248 1680 288 125

240 396 298 430 14.
363 384 697 447 Demensum.]
756 389 996 431 incasured
1015 392 1104 430 out.
1168 390 1332 429 Dorum.
1351 388 1393 427 in
1412 387 1503 426 Ter.
1525 387 1685 426 Phorm.

164 471 195 511 1.
216 486 243 511 1.
261 479 296 518 9.
352 475 373 488 ”
387 474 498 512 Servi
525 480 737 524 quaternos
764 472 916 510 modios
943 471 1188 523 accipiebant
1208 467 1399 507 frumenti
1421 467 1464 505 in
1491 480 1685 505 mensem:

163 556 203 586 et
229 547 271 585 id
299 548 506 586 demensum
534 547 691 586 dicitur.
748 547 801 585 Et
822 554 958 585 utrum
981 559 1005 584 a
1022 558 1154 590 mense,
1183 557 1232 582 an
1252 557 1276 581 a
1292 542 1470 581 noetiendo
1492 541 1689 580 incertum

164 629 262 660 est.“
318 622 403 661 Imo
437 623 567 674 ipsum
599 621 738 660 mensis
771 636 796 660 a
823 621 963 666 metior,
1002 626 1029 643 “
1040 619 1135 671 quia
1168 632 1293 657 mensa
1330 617 1457 669 spatia
1487 616 1644 655 conficit
1655 617 1690 654 :''

167 697 244 747 (Ut
270 698 432 757 ait'Cic.
461 698 525 738 De
551 696 604 734 Ν.
620 696 672 734 D.
691 698 775 748 27.)

244 826 301 861 15.
366 814 572 876 Media]
649 818 719 872 By
741 819 812 860 tlte
830 819 951 872 peclc.
1017 820 1184 866 Medius,
1211 832 1396 859 mensura
1413 826 1472 858 est
1488 818 1690 857 aridorum

163 912 203 943 et
237 903 492 954 liquidorum,
525 902 730 941 continens
761 902 949 940 sextarios
978 900 1198 946 sexdecim;
1231 899 1381 957 (rather
1408 911 1517 936 more
1543 898 1640 936 than
1668 911 1692 936 a

165 979 267 1031 peck
287 977 458 1028 English
468 978 499 1028 ς)
528 985 573 1015 ut
590 977 717 1023 docet,
736 990 784 1015 ex
803 977 1044 1028 optimorum
1062 974 1306 1020 auctoritate,
1327 974 1447 1012 FAcc.
1492 972 1690 1011 Caeterum

165 1062 224 1093 est
250 1068 272 1092 a
289 1053 428 1100 modus,
458 1052 551 1104 quia
567 1051 642 1090 hac
659 1065 843 1090 mensura
865 1050 1084 1102 plurimum
1104 1050 1167 1088 usi
1185 1056 1278 1088 sunt
1303 1048 1480 1086 Romani.
1535 1048 1598 1085 Ita
1620 1060 1692 1085 nos

168 1128 250 1165 κατ’
273 1126 416 1180 ἐξοχῆν
442 1127 623 1173 dicimus,
651 1132 697 1164 ‘a
722 1126 925 1164 measure.’
988 1125 1069 1163 Cic.
1094 1126 1179 1163 Att.
1198 1123 1274 1162 VI.
1304 1130 1337 1162 l.
1360 1128 1447 1176 post
1475 1122 1568 1160 med.
1601 1122 1691 1173 [cit.

167 1217 229 1254 ap.
258 1201 420 1255 Gnou]
476 1206 502 1223 “
518 1200 692 1245 Habent,
715 1198 829 1251 pleno
856 1198 987 1244 modio,
1016 1199 1229 1237 verborum
1255 1197 1481 1235 honorem.’'

240 1357 307 1365 -—
368 1321 654 1384 Trimodio]
723 1329 792 1383 By
825 1329 944 1370 three
972 1329 1116 1382 pec-ks.
1203 1330 1466 1377 Trimodium,
1510 1344 1695 1370 mensura

169 1413 289 1452 trium
307 1412 541 1450 modiorum.
598 1411 697 1449 Plin.
717 1410 918 1449 XXXIII.
940 1416 973 1450 1.
1019 1417 1045 1433 “
1058 1410 1200 1462 Neque
1219 1410 1323 1449 enim
1342 1410 1457 1448 aliter
1473 1410 1696 1461 potuissent

168 1486 344 1542 trimodia
371 1487 439 1525 illa
463 1485 671 1525 anulorum
698 1485 976 1537 Carthaginem
1005 1485 1146 1523 mitti.”

242 1654 310 1662 —
377 1623 489 1688 Ipso
521 1620 724 1682 horreo.]
795 1627 867 1681 By
897 1629 968 1668 the
999 1627 1228 1682 barmsull.
1296 1629 1505 1675 Horreum,
1543 1630 1696 1669 dictum

170 1711 335 1749 fortasse
362 1710 475 1761 quasi
501 1709 692 1756 hordeum,
728 1710 869 1761 ”quod
902 1709 1064 1761 proprie
1098 1710 1221 1748 fuerit
1254 1709 1365 1749 locus
1391 1708 1541 1748 hordeo
1571 1722 1696 1748 asser·-

172 1784 302 1822 vando
318 1783 647 1831 accommodatus,
666 1791 711 1821 ut
711 1782 894 1834 farreum
908 1783 951 1821 in
966 1783 1074 1834 quod
1088 1791 1346 1835 reponeretur
1349 1782 1451 1835 sar.-
1473 1783 1544 1822 sed
1559 1790 1698 1836 postea

160 1859 252 1909 dici
282 1859 447 1910 coeperit
478 1858 528 1897 de
557 1858 824 1910 quarumlibet
853 1858 1018 1908 frugum
1048 1858 1322 1909 repositorio.“
1358 1858 1478 1896 Facc.
1530 1857 1614 1896 Alii
1645 1859 1697 1897 ab

172 1931 269 1985 u'pe'm
296 1946 403 1972 curo.
456 1933 539 1971 Alii
563 1945 639 1985 pro
665 1931 810 1985 oe‘pai'ov,
838 1931 903 1971 vel
929 1932 1066 1985 ω’ρεῖον,
1093 1934 1144 1970 ab
1172 1932 1261 1985 ὅρα.

251 2074 312 2115 16.
373 2068 695 2136 Benignitas.]
741 2074 1094 2129 Bountzfulness.
1144 2080 1240 2118 Cist.
1259 2084 1347 2126 498.
1375 2078 1478 2117 “Ne
1495 2079 1596 2117 bene
1615 2091 1696 2117 me-

175 2158 278 2196 renti
306 2158 356 2196 sit
379 2157 482 2195 malo
509 2156 760 2208 benignitas.”
813 2147 918 2208 (The
945 2158 1028 2196 free
1054 2158 1131 2195 and
1155 2158 1294 2196 liberal
1315 2171 1477 2195 manner
1500 2158 1541 2194 in
1568 2156 1697 2195 which

175 2233 245 2272 she
264 2234 334 2271 has
355 2233 440 2271 told
461 2247 508 2271 us
531 2233 613 2284 all.)
668 2232 814 2270 Differt
836 2239 970 2270 autem
992 2246 1015 2270 a
1036 2232 1282 2278 liberalitate,
1310 2233 1365 2270 ait
1386 2233 1506 2270 FAcc.
1560 2233 1582 2245 ”
1595 2232 1698 2269 Nam

174 2307 388 2347 liberalitas
418 2316 595 2346 versatur
624 2307 899 2346 tantummodo
926 2307 969 2344 in
998 2307 1227 2358 larg-itione:
1257 2306 1474 2358 benignitas
1503 2306 1699 2356 significat

174 2383 469 2423 inclinationem
485 2383 538 2421 ad
553 2381 881 2422 benefaciendum
899 2394 1138 2434 quocunque
1155 2382 1274 2420 modo
1290 2395 1512 2433 possumus.
1553 2380 1701 2419 Differt

177 2458 296 2499 etiam
320 2471 344 2497 a
363 2457 546 2504 comitate,
571 2457 657 2496 haec
680 2457 788 2495 enim
809 2457 988 2496 consistit
1012 2457 1055 2495 in
1081 2457 1237 2496 blandis
1262 2470 1308 2495 ac
1334 2456 1537 2495 benevolis
1564 2454 1697 2500 verbis,

178 2534 246 2572 illa
270 2533 312 2571 in
337 2545 381 2571 re
406 2540 447 2573 et
458 2531 631 2584 factis.“

257 2669 316 2708 19.
379 2656 578 2719 Mater]
602 2661 960 2711 Foster-mother3
979 2677 1127 2704 nurse.
1159 2667 1289 2713 Tm-On'.
1314 2666 1474 2706 Nonius
1487 2666 1586 2717 Cap.
1598 2665 1647 2703 V.
1659 2671 1697 2712 9,

181 2744 271 2795 (qui
288 2743 396 2784 hunc
411 2744 543 2783 locum
560 2745 686 2795 citat,)
702 2746 771 2790 ait,
790 2747 812 2760 '’
828 2745 1006 2784 Ger-itrix
1023 2760 1047 2784 a
1063 2752 1185 2784 matre
1195 2746 1299 2785 haim
1315 2745 1436 2784 habet
1452 2743 1698 2784 distantiam-2

180 2819 288 2871 quod
318 2819 503 2871 genitrix,
534 2824 688 2872 semper
716 2835 806 2872 quae
834 2821 1020 2872 genuerit,
1054 2830 1330 2874 nuncupatur3
1363 2827 1484 2860 mater
1510 2834 1606 2861 vero
1628 2819 1699 2858 ali·-
