1864 3152
638 228 709 272 IN
741 229 1208 273 AULULARIAM.
1585 227 1673 272 131

219 371 303 404 123.
374 359 575 408 Virtute
607 359 789 417 deum]
882 363 951 417 By
986 358 1114 405 God's
1148 363 1353 419 blesaing.
1423 364 1530 404 vide
1560 365 1678 405 Note.

143 445 209 483 Sic
239 444 327 482 Cas.
356 449 444 491 309.
499 442 691 482 “Pietate
712 444 862 483 factum
887 452 947 483 est
974 457 1068 490 mea,
1093 451 1215 496 atque
1240 445 1430 496 majorum
1453 456 1617 482 meorum
1632 444 1674 481 !''

144 519 229 557 Mil.
249 519 338 562 674.
392 525 418 541 “
433 518 558 556 Deum
587 517 738 563 virtute,
767 517 980 557 adeuntem
997 517 1171 569 hospitio
1189 518 1368 570 accipere
1384 517 1494 570 apud
1518 531 1584 556 me
1607 530 1675 556 oo·

142 594 209 645 pia
240 596 334 633 est.''
387 593 498 630 Trin.
517 592 605 632 316.
660 598 687 615 “
698 592 868 643 Edepol,
897 592 1007 630 deum
1032 592 1185 637 vir-tute,
1217 600 1259 631 et
1282 593 1491 644 majorum,
1519 601 1562 632 et
1590 599 1673 637 tua,

147 669 276 708 Multa
313 670 419 707 bona
452 667 680 706 habemus.”
754 666 896 705 Pseud.
927 666 1015 710 576.
1081 666 1319 719 “Major-um
1355 680 1518 705 meorum
1550 667 1676 705 fretus

145 742 284 780 „mute
310 724 495 780 dicamf‘
528 739 657 778 Addit
687 740 833 778 Noster
863 738 1005 783 Hine,
1038 739 1151 790 capt.
1182 738 1239 777 11.
1272 751 1320 777 η.
1346 744 1409 783 74.
1458 739 1575 791 [254.
1598 738 1673 790 B.]

143 817 214 855 ubi
246 830 382 855 versus
411 815 478 855 hic
508 816 663 867 integer
693 814 877 853 habetur:

217 930 302 963 124.
381 918 674 977 Faetiones]
758 922 898 975 Party
935 922 1181 979 influence,·
1229 921 1387 962 wealth
1402 937 1418 968 ,-
1455 934 1505 961 or
1539 921 1671 961 rank.

143 1006 314 1052 Nonius,
336 1006 406 1058 qui
430 1006 539 1045 hunc
568 1006 701 1045 locum
727 1007 835 1051 citat,
866 1005 1037 1044 ''Factio
1063 1005 1261 1057 signifieat
1287 1005 1532 1058 opulentiam,
1556 1005 1678 1044 abun-

142 1079 327 1125 dantiam,
367 1088 407 1119 et
429 1080 700 1119 nobilitatem.“
756 1079 869 1117 Infra
900 1083 984 1118 184.
1040 1077 1138 1116 “Te
1166 1074 1266 1117 esse*
1282 1077 1486 1116 hominem
1509 1077 1677 1123 divitem,

143 1153 396 1192 Faceiosums’
466 1154 562 1193 Cist.
601 1160 691 1193 222.
757 1154 940 1205 “Neque
977 1167 1048 1191 nos
1074 1152 1256 1203 factione
1286 1161 1408 1199 tanta,
1441 1161 1591 1205 quanta
1617 1160 1676 1198 tu,

143 1231 316 1267 sumus.”
367 1229 448 1279 (of
473 1229 571 1268 such
602 1228 696 1280 high
711 1227 894 1280 family.)
962 1227 1096 1266 Coecil.
1126 1227 1192 1266 cit.
1222 1242 1285 1279 ap.
1313 1228 1365 1266 A.
1395 1228 1498 1266 Gell.
1529 1229 1585 1266 11.
1612 1234 1677 1268 23.

144 1301 288 1339 “Nam
312 1302 502 1354 opulento
531 1302 678 1340 famam
709 1302 825 1340 facile
855 1301 1029 1340 occultat
1039 1300 1208 1352 factio?
1262 1301 1487 1353 (Interest.)

212 1435 279 1442 -
361 1401 625 1466 Dapsiles.]
680 1411 771 1448 Vox
819 1411 963 1450 Graeca
1006 1410 1187 1459 δαψιλής,
1231 1410 1380 1462 largus.
1433 1411 1553 1450 Most.
1587 1416 1678 1457 947.

144 1491 295 1529 “Alios
328 1489 498 1542 dapsiles
528 1498 712 1541 sumptus
742 1491 873 1529 facit.”
928 1491 978 1528 In
1012 1490 1155 1529 Pseud.
1186 1495 1277 1536 390,
1307 1491 1535 1542 “Largitus
1562 1490 1680 1530 dictis

142 1563 353 1617 dapsilis?
383 1563 547 1615 quidam
577 1577 652 1615 pro
679 1564 808 1603 ablat:
839 1566 890 1603 ab
918 1565 995 1603 alia
1018 1565 1146 1603 forma
1172 1564 1362 1617 dapsilus,
1393 1572 1580 1603 sumunt:
1610 1565 1680 1604 sed

145 1640 304 1679 videtur
330 1639 464 1691 potius
490 1653 575 1678 esse
600 1640 881 1685 nominativus,
909 1640 1190 1679 adverbialiter
1217 1641 1446 1679 sumendus.

220 1754 306 1788 125.
370 1741 629 1803 Eburata]
695 1748 849 1788 Inlaid
871 1748 978 1788 with
1000 1749 1135 1801 ivm-y.
1191 1752 1321 1798 Ebur,
1347 1754 1494 1799 eburis,
1523 1754 1679 1806 antiqu:

142 1845 217 1884 pro
234 1831 375 1870 eboris.
426 1831 627 1869 Caeterum
646 1838 707 1869 est
729 1830 925 1876 eburneus,
951 1832 1071 1869 ebore
1089 1831 1290 1876 inductus,
1315 1839 1361 1869 ut
1378 1837 1553 1878 auratus,
1579 1846 1680 1871 aera-

142 1909 218 1949 tus,
246 1903 413 1948 albatus,
442 1902 687 1948 candidatus,
715 1907 973 1954 purpuratus,
1002 1904 1072 1941 &c.
1103 1908 1287 1948 cretatus,
1309 1903 1335 1941 J
1340 1917 1406 1942 uv.
1434 1903 1518 1942 Sat.
1536 1905 1587 1942 X.
1616 1904 1679 1944 66.

146 1978 315 2017 Mostell.
336 1983 423 2017 282.
480 1982 505 1999 “
519 1978 753 2029 Purpurata
772 1977 951 2016 mulier.''
1006 1977 1128 2016 Stich.
1148 1982 1237 2016 354.
1291 1978 1470 2017 “Lectos
1490 1977 1682 2024 eburaco-5,

141 2057 333 2094 auratoe.”

214 2185 282 2193 —
362 2155 563 2216 Pallas]
619 2164 727 2201 Men.
756 2168 817 2201 54.
873 2160 1028 2199 ”Palla
1055 2169 1117 2200 est
1142 2162 1319 2201 honestae
1350 2162 1529 2200 mulieris
1559 2163 1679 2201 vesti-

141 2251 332 2283 mentum.
388 2242 495 2280 Non.
519 2242 677 2281 Marc.“
729 2242 858 2280 Gloss.
885 2241 983 2279 cod.
1004 2241 1059 2279 H.
1078 2242 1116 2282 6.
1168 2242 1234 2281 Sic
1255 2242 1362 2282 dicta
1384 2243 1527 2294 ”quod
1546 2244 1678 2295 palam

141 2325 183 2356 et
209 2318 306 2355 foris
332 2317 547 2368 gerebatur
558 2321 602 2362 ;“
630 2315 743 2354 Varr.
775 2315 894 2366 Ling.
922 2315 1011 2353 Lat.
1034 2315 1109 2354 lv.
1139 2321 1203 2355 30.
1230 2316 1343 2368 Virg.
1373 2316 1464 2355 AEn.
1486 2317 1563 2355 XI.
1588 2317 1679 2362 576.

144 2391 228 2441 (De
245 2390 443 2441 Camilla.)
498 2396 524 2413 “
536 2389 617 2427 Pro
634 2390 765 2441 longae
783 2389 961 2440 tegmine
973 2389 1106 2442 pallae,
1127 2390 1307 2442 Tigridis
1323 2390 1479 2429 exuviae
1496 2404 1570 2442 per
1586 2390 1679 2430 dor-

142 2479 232 2504 sum
255 2479 281 2504 a
302 2465 451 2504 vertice
478 2463 689 2515 pendent?
744 2463 846 2501 Hor.
872 2462 955 2501 Sat.
974 2462 1010 2502 1.
1035 2476 1084 2501 u.
1102 2469 1166 2510 99.
1221 2470 1247 2487 “
1262 2463 1332 2502 Ad
1356 2464 1457 2503 talos
1484 2464 1585 2503 stola
1609 2464 1680 2504 de-

142 2540 274 2584 missa,
300 2546 342 2578 et
367 2537 610 2578 circumdata
632 2537 778 2590 palla.''

221 2649 310 2689 126.
370 2642 462 2691 Nil
490 2639 684 2702 moron]
749 2647 780 2688 I
797 2645 916 2688 don't
938 2660 1040 2688 care
1050 2647 1141 2701 for.
1196 2650 1452 2689 ''Famula“
1482 2652 1538 2690 ait
1564 2652 1674 2691 Pan:

144 2732 242 2771 Lex.
270 2730 336 2769 Pl.
376 2732 499 2782 ''qua-
523 2731 689 2775 utimur,
724 2743 816 2768 eum
845 2729 945 2781 quid
975 2729 1091 2781 quasi
1126 2742 1313 2780 respuere
1342 2738 1384 2770 et
1411 2739 1675 2780 contemnere,
