1864 3152
656 233 722 275 IN
758 233 1193 275 MENAECHMOS.
1594 231 1679 284 157

167 373 270 405 vere,
296 368 336 398 et
359 361 442 399 sine
466 361 616 408 fraude,
640 361 781 400 dicam.
810 362 990 400 Trinum.
1008 361 1071 408 69.
1108 368 1133 384 “
1147 360 1270 399 Haud
1293 360 1417 399 dicam
1437 358 1554 398 dolo.’'
1593 359 1683 397 Ter.

167 435 244 473 Ad.
264 436 341 474 111.
362 449 427 474 111.
448 443 509 475 22.
565 442 590 458 “
604 436 663 474 Ne
679 436 803 475 dicam
820 436 938 475 ἀοίο.υ
965 438 1035 475 &c.

243 534 327 568 148·
391 524 581 586 Quasi]
634 530 707 569 As.
763 534 888 572 Sensu
915 532 1026 571 velut.
1079 533 1172 571 Aul.
1193 538 1280 576 547.
1299 532 1427 571 Gloss.

250 652 317 659 —
390 623 746 685 circumimus]
815 635 895 672 Pro
929 633 1129 673 circumire
1165 645 1314 671 necesse
1347 637 1413 670 est.
1482 631 1687 682 Frequens

167 711 274 762 apud
306 711 467 750 Latinos
490 712 654 751 locutio.
708 713 824 752 Curc.
843 718 931 756 378.
986 712 1067 750 “Si
1101 712 1215 750 reddo
1249 712 1318 756 eis,
1351 711 1498 762 quibus
1529 710 1688 750 debeo.”

170 785 246 836 ‘If
269 786 296 823 I
324 794 430 825 must
459 800 536 838 pay
566 786 669 825 those
696 792 732 825 to
763 787 880 825 whom
910 786 938 825 I
966 800 1026 825 am
1055 786 1094 823 in
1120 785 1230 824 debt:
1284 785 1391 836 [Qui
1416 794 1475 824 est
1499 786 1586 837 ejus
1612 785 1688 824 loci

168 873 317 906 sensus,
349 869 394 899 ut
421 861 583 899 minime
609 874 684 912 pro
717 861 939 899 adulterino
967 861 1122 899 uncinis
1158 860 1308 899 includi
1338 859 1516 911 debeat]
1571 859 1688 910 Epid.

172 939 255 973 138.
311 935 387 973 “A
406 949 486 986 quo
509 935 701 986 trapezita
721 940 805 987 peto
815 935 860 973 .9”
914 935 1003 986 (Am
1021 935 1042 973 I
1061 943 1104 973 to
1126 943 1197 986 get
1212 935 1275 985 it.)
1318 934 1406 974 681.
1461 934 1507 972 P.
1536 939 1562 957 “
1577 934 1689 981 Quid

169 1010 276 1061 ago?
339 1013 387 1049 A.
414 1010 525 1058 Quid
571 1012 714 1062 agas?”
764 1017 805 1049 et
840 1011 984 1050 Bacch.
1022 1010 1134 1055 1167.
1194 1010 1335 1061 (What
1380 1015 1477 1048 must
1526 1011 1544 1048 I
1589 1009 1689 1060 do?)

169 1083 300 1136 Supra
326 1091 388 1131 79.
417 1085 478 1131 96.
536 1086 643 1123 Infra
669 1091 757 1124 234.
786 1090 872 1129 744.
925 1085 1020 1124 Juv.
1050 1085 1129 1124 Sat.
1164 1085 1240 1123 111.
1267 1084 1356 1130 296.
1410 1085 1500 1122 “In
1537 1098 1616 1136 qua
1650 1092 1690 1124 te

168 1172 295 1210 quaero
328 1160 599 1212 proseucha?'’
656 1160 783 1210 (Must
819 1160 840 1197 1
877 1160 969 1198 seek
1005 1159 1115 1211 you.)
1169 1159 1260 1198 Ter.
1292 1159 1394 1196 Eun.
1425 1158 1498 1197 IV.
1526 1172 1602 1196 vn.
1628 1165 1690 1199 44.

170 1233 299 1272 “Jam
335 1235 479 1273 dimitto
515 1235 730 1273 exercitum
743 1236 784 1272 ?”
856 1234 990 1284 (Shall
1033 1235 1052 1272 1
1094 1234 1312 1284 disband?)
1384 1233 1472 1271 AEn.
1511 1234 1564 1271 II.
1602 1240 1690 1273 322.

171 1309 342 1357 “Quam
377 1308 598 1362 prendimus
640 1310 820 1347 arcem?''
890 1308 1023 1359 (Shall
1056 1323 1115 1347 we
1152 1309 1254 1347 seize
1292 1308 1444 1359 upon?)
1514 1309 1592 1346 III.
1629 1315 1690 1349 88.

172 1383 342 1430 “Quem
360 1384 551 1436 sequimur
563 1384 608 1421 .9''
638 1383 740 1422 Ibid.
755 1383 841 1427 367.
855 1386 925 1422 &c-
955 1383 1022 1422 Sic
1036 1384 1077 1421 in
1092 1383 1197 1421 Sacr.
1217 1382 1359 1434 Script.
1388 1382 1615 1423 Genes.VI.
1633 1391 1691 1429 17.

169 1456 268 1505 Ἐγοῖ
290 1457 330 1496 δέ
350 1457 426 1496 {Boni
448 1457 595 1506 ἐπάγω
619 1457 687 1495 τόν
709 1457 980 1504 κατακλυσμόν.
1008 1456 1099 1509 (pro
1121 1456 1280 1509 ἐπάξω.)
1307 1463 1353 1494 ut
1370 1456 1420 1495 de
1437 1470 1481 1496 re
1498 1466 1692 1509 praesente

171 1542 210 1572 et
232 1534 315 1586 jam
342 1534 522 1572 instante.

249 1632 333 1665 150.
397 1619 663 1681 Quaerere.]
733 1630 808 1668 Pro
842 1629 1047 1682 quoerendi.
1111 1630 1212 1668 Vide
1251 1630 1359 1668 Infra
1398 1629 1483 1668 161.
1548 1630 1691 1669 Pseud.

175 1708 286 1748 1136.
340 1708 549 1760 “Operam
575 1709 638 1747 fac
665 1708 873 1759 compendi
903 1710 1104 1760 quoerere.”

255 1840 323 1846 —
396 1807 521 1855 Nam
548 1808 700 1871 quid.]
740 1810 878 1867 Why,
902 1810 1012 1852 what
1032 1811 1118 1852 end
1135 1812 1229 1852 will
1248 1812 1367 1853 there
1386 1812 1433 1852 be
1452 1812 1506 1866 of
1516 1813 1695 1866 secking

171 1890 287 1931 kim?
357 1893 578 1939 Falluntur,
615 1894 684 1944 qui
719 1893 805 1933 haec
840 1894 960 1932 verba
1003 1892 1087 1931 κατ’
1119 1893 1365 1945 ἀναστροφήν
1407 1893 1513 1932 dicta
1551 1902 1694 1945 putent

171 1985 245 2024 pro
262 1971 440 2024 quidnam
452 1988 465 2010 .·
496 1972 666 2023 [Heyne
683 1972 734 2010 ad
752 1971 866 2022 Virg.
882 1972 932 2010 G.
951 1971 1025 2010 IV.
1041 1977 1129 2012 445.
1183 1978 1209 1994 “
1222 1972 1323 2010 Nam
1342 1972 1427 2023 quis
1444 1979 1484 2010 te
1497 1972 1693 2024 juvenum

172 2047 513 2093 confidentissime,
538 2055 691 2086 nostras
719 2048 846 2086 Jussit
871 2047 979 2086 adire
1007 2047 1144 2085 domos
1155 2049 1198 2085 ?”
1233 2061 1300 2098 qu.
1321 2047 1426 2099 vid.]
1480 2048 1694 2099 Eleganter

172 2123 278 2161 enim
302 2122 487 2161 videntur
510 2122 705 2173 usurpari,
730 2122 799 2159 ubi
825 2122 888 2160 vel
910 2121 1132 2173 indignatio
1155 2121 1219 2160 vel
1243 2122 1489 2173 querimonia
1510 2122 1693 2172 quaedam

173 2196 419 2247 exprimitur.
475 2196 658 2234 Notabile
680 2203 740 2234 est
763 2196 1001 2248 exemplum,
1021 2196 1114 2234 Aul.
1133 2210 1171 2234 v.
1190 2201 1225 2235 3.
1281 2202 1306 2218 “
1318 2196 1421 2233 Nam
1440 2210 1508 2234 cur
1524 2210 1588 2234 me
1606 2210 1694 2234 ver-

172 2273 286 2310 beras
297 2272 339 2308 ?’'
370 2278 411 2309 et
440 2276 475 2310 5.
531 2270 671 2309 “Nam
702 2284 778 2322 qua
809 2284 872 2309 me
902 2283 1009 2309 nunc
1038 2284 1154 2309 causa
1183 2270 1385 2309 extrusisti
1411 2283 1462 2308 ex
1489 2270 1696 2309 aedibus?’'

174 2347 244 2385 ubi
272 2354 332 2385 est
353 2346 593 2385 mulierculae
620 2359 724 2397 oegre
736 2344 907 2398 ferentis
940 2345 1090 2384 domini
1118 2346 1177 2384 sui
1208 2346 1477 2385 contumelias.
1530 2346 1588 2384 Et
1604 2351 1695 2385 381.

176 2422 264 2460 “In
296 2421 447 2460 aedibus
479 2420 571 2473 quid
600 2421 672 2459 tibi
710 2421 806 2459 meis
837 2434 923 2458 nam
959 2428 1043 2459 erat
1076 2421 1224 2472 negotii
1235 2422 1277 2459 ?''
1330 2420 1471 2471 (What
1501 2420 1695 2466 business,

177 2497 203 2534 I
223 2495 356 2534 should
378 2495 451 2533 like
473 2501 510 2533 to
534 2495 654 2540 know,
679 2494 759 2532 had
776 2508 855 2546 you
880 2495 922 2532 in
948 2508 1013 2546 my
1031 2494 1154 2533 house
1166 2497 1205 2546 ?)
1260 2494 1387 2532 Casin.
1407 2494 1494 2533 666.
1549 2500 1575 2516 “
1590 2493 1694 2532 Nam

177 2569 268 2622 quid
302 2570 401 2608 illaec
435 2582 541 2608 nunc
571 2569 722 2607 tamdiu
754 2577 998 2607 remorantur
1009 2571 1049 2607 ?''
1104 2569 1196 2616 Quo
1225 2569 1312 2607 loco
1342 2577 1413 2613 est,
1444 2569 1694 2620 impatienter

178 2645 387 2683 mulierum
423 2645 711 2684 cunctationem
743 2644 1026 2696 exprobrantis.
1081 2645 1194 2682 Curc.
1214 2649 1301 2688 398.
1356 2648 1379 2664 “
1396 2643 1498 2681 Nam
1530 2643 1622 2696 quid
1651 2644 1694 2682 id

177 2719 299 2759 refert
328 2733 414 2758 mea
425 2721 466 2756 ?''
518 2719 667 2770 (What,
701 2719 762 2756 the
788 2718 944 2771 plagae,
977 2732 1065 2757 care
1096 2718 1164 2768 I?)
1219 2717 1310 2756 Ter.
1337 2718 1462 2756 Andr.
1488 2718 1565 2756 111.
1590 2730 1631 2755 v.
1656 2717 1692 2756 6.

180 2801 204 2817 “
222 2794 320 2832 Nam
352 2794 443 2845 quid
471 2807 576 2832 nunc
609 2794 735 2832 dicam
767 2794 922 2844 patri?’'
977 2792 1116 2841 (What
1147 2792 1185 2828 in
1216 2792 1277 2829 the
1308 2792 1425 2829 world
1455 2805 1543 2830 now
1554 2793 1590 2843 ?)
1622 2793 1693 2830 διε.
