<?xml version="1.0" encoding="UTF-8"?>
<!DOCTYPE html PUBLIC "-//W3C//DTD XHTML 1.0 Transitional//EN"
    "http://www.w3.org/TR/xhtml1/DTD/xhtml1-transitional.dtd">
<html xmlns="http://www.w3.org/1999/xhtml" xml:lang="en" lang="en">
 <head>
  <title>
</title>
<meta http-equiv="Content-Type" content="text/html;charset=utf-8" />
  <meta name='ocr-system' content='tesseract 3.04.00' />
  <meta name='ocr-capabilities' content='ocr_page ocr_carea ocr_par ocr_line ocrx_word'/>
</head>
<body>
  <div class='ocr_page' id='page_1' title='image "./captivitrinummus00plauuoft_0447.png"; bbox 0 0 1864 3152; ppageno 0'>
   <div class='ocr_carea' id='block_1_1' title="bbox 608 257 1649 312">
    <p class='ocr_par' dir='ltr' id='par_1_1' title="bbox 608 257 1649 312">
     <span class='ocr_line' id='line_1_1' title="bbox 608 257 1649 312; baseline 0.001 -13"><span class='ocrx_word' id='word_1_1' title='bbox 608 258 674 299; x_wconf 84' lang='lat' dir='ltr'>IN</span> <span class='ocrx_word' id='word_1_2' title='bbox 709 257 1155 300; x_wconf 74' lang='lat' dir='ltr'>AULULAmAM.</span> <span class='ocrx_word' id='word_1_3' title='bbox 1563 258 1649 312; x_wconf 85' lang='lat'>175</span> 
     </span>
    </p>
   </div>
   <div class='ocr_carea' id='block_1_2' title="bbox 125 387 1656 810">
    <p class='ocr_par' dir='ltr' id='par_1_2' title="bbox 125 387 1656 810">
     <span class='ocr_line' id='line_1_2' title="bbox 125 387 1654 433; baseline 0.001 -8"><span class='ocrx_word' id='word_1_4' title='bbox 125 388 222 425; x_wconf 70' lang='lat' dir='ltr'>situs</span> <span class='ocrx_word' id='word_1_5' title='bbox 249 387 385 425; x_wconf 81' lang='lat' dir='ltr'>lecto.&#39;¹</span> <span class='ocrx_word' id='word_1_6' title='bbox 441 387 557 426; x_wconf 80' lang='lat' dir='ltr'>Adde</span> <span class='ocrx_word' id='word_1_7' title='bbox 575 401 623 426; x_wconf 86' lang='lat' dir='ltr'>ex</span> <span class='ocrx_word' id='word_1_8' title='bbox 653 388 799 426; x_wconf 72' lang='lat' dir='ltr'>Gnou:</span> <span class='ocrx_word' id='word_1_9' title='bbox 847 388 956 427; x_wconf 63' lang='grc' dir='ltr'><strong>[εει.</strong></span> <span class='ocrx_word' id='word_1_10' title='bbox 991 387 1116 427; x_wconf 77' lang='lat' dir='ltr'>Plaut.</span> <span class='ocrx_word' id='word_1_11' title='bbox 1163 387 1251 426; x_wconf 85' lang='lat' dir='ltr'>AEn.</span> <span class='ocrx_word' id='word_1_12' title='bbox 1280 399 1358 426; x_wconf 78' lang='lat'>¹11.</span> <span class='ocrx_word' id='word_1_13' title='bbox 1395 392 1483 433; x_wconf 84' lang='grc'><strong>395.</strong></span> <span class='ocrx_word' id='word_1_14' title='bbox 1539 389 1654 427; x_wconf 81' lang='lat' dir='ltr'><strong>“lue</strong></span> 
     </span>
     <span class='ocr_line' id='line_1_3' title="bbox 127 458 1654 514; baseline -0.001 -16"><span class='ocrx_word' id='word_1_15' title='bbox 127 469 171 500; x_wconf 82' lang='lat' dir='ltr'>ut</span> <span class='ocrx_word' id='word_1_16' title='bbox 201 461 360 513; x_wconf 71' lang='lat' dir='ltr'>depositi</span> <span class='ocrx_word' id='word_1_17' title='bbox 390 462 586 514; x_wconf 74' lang='lat' dir='ltr'>proferret</span> <span class='ocrx_word' id='word_1_18' title='bbox 615 462 696 500; x_wconf 69' lang='lat' dir='ltr'>fata</span> <span class='ocrx_word' id='word_1_19' title='bbox 721 461 931 513; x_wconf 77' lang='lat' dir='ltr'>parentis.”</span> <span class='ocrx_word' id='word_1_20' title='bbox 986 460 1064 500; x_wconf 84' lang='lat' dir='ltr'>Ov.</span> <span class='ocrx_word' id='word_1_21' title='bbox 1093 460 1213 499; x_wconf 72' lang='lat' dir='ltr'><strong>Trist-</strong></span> <span class='ocrx_word' id='word_1_22' title='bbox 1244 459 1321 498; x_wconf 93' lang='lat'>111.</span> <span class='ocrx_word' id='word_1_23' title='bbox 1358 465 1394 499; x_wconf 92' lang='lat'>3.</span> <span class='ocrx_word' id='word_1_24' title='bbox 1448 458 1654 511; x_wconf 72' lang='lat' dir='ltr'>“Deposi-</span> 
     </span>
     <span class='ocr_line' id='line_1_4' title="bbox 125 534 1656 587; baseline 0 -15"><span class='ocrx_word' id='word_1_25' title='bbox 125 541 203 573; x_wconf 82' lang='lat' dir='ltr'>tum</span> <span class='ocrx_word' id='word_1_26' title='bbox 240 549 313 575; x_wconf 87' lang='lat' dir='ltr'>nec</span> <span class='ocrx_word' id='word_1_27' title='bbox 341 549 404 574; x_wconf 85' lang='lat' dir='ltr'>me</span> <span class='ocrx_word' id='word_1_28' title='bbox 446 536 514 587; x_wconf 88' lang='lat' dir='ltr'>qui</span> <span class='ocrx_word' id='word_1_29' title='bbox 558 535 648 574; x_wconf 80' lang='lat' dir='ltr'><strong>fleat</strong></span> <span class='ocrx_word' id='word_1_30' title='bbox 687 535 793 574; x_wconf 85' lang='lat' dir='ltr'>ullus</span> <span class='ocrx_word' id='word_1_31' title='bbox 831 536 943 575; x_wconf 79' lang='lat' dir='ltr'>erit.”</span> <span class='ocrx_word' id='word_1_32' title='bbox 997 535 1078 574; x_wconf 84' lang='lat' dir='ltr'>Cic.</span> <span class='ocrx_word' id='word_1_33' title='bbox 1115 534 1231 573; x_wconf 83' lang='lat' dir='ltr'>Verr.</span> <span class='ocrx_word' id='word_1_34' title='bbox 1270 534 1303 572; x_wconf 90' lang='lat'>1.</span> <span class='ocrx_word' id='word_1_35' title='bbox 1341 539 1377 572; x_wconf 85' lang='lat'>2.</span> <span class='ocrx_word' id='word_1_36' title='bbox 1442 534 1656 572; x_wconf 85' lang='lat' dir='ltr'><strong>“Maxime</strong></span> 
     </span>
     <span class='ocr_line' id='line_1_5' title="bbox 125 608 1654 663; baseline -0.001 -14"><span class='ocrx_word' id='word_1_37' title='bbox 125 625 271 662; x_wconf 76' lang='lat' dir='ltr'>aegram</span> <span class='ocrx_word' id='word_1_38' title='bbox 298 619 338 650; x_wconf 83' lang='lat' dir='ltr'>et</span> <span class='ocrx_word' id='word_1_39' title='bbox 358 624 483 663; x_wconf 84' lang='lat' dir='ltr'>prope</span> <span class='ocrx_word' id='word_1_40' title='bbox 502 610 707 662; x_wconf 66' lang='lat' dir='ltr'>depositam</span> <span class='ocrx_word' id='word_1_41' title='bbox 735 610 965 663; x_wconf 72' lang='lat' dir='ltr'><strong>reipublicae</strong></span> <span class='ocrx_word' id='word_1_42' title='bbox 982 611 1172 662; x_wconf 75' lang='lat' dir='ltr'>partem.”</span> <span class='ocrx_word' id='word_1_43' title='bbox 1225 609 1363 648; x_wconf 80' lang='lat' dir='ltr'>Aurel.</span> <span class='ocrx_word' id='word_1_44' title='bbox 1382 608 1531 648; x_wconf 70' lang='lat' dir='ltr'>victor.</span> <span class='ocrx_word' id='word_1_45' title='bbox 1558 610 1654 662; x_wconf 74' lang='lat' dir='ltr'>Cap.</span> 
     </span>
     <span class='ocr_line' id='line_1_6' title="bbox 128 682 1654 739; baseline 0 -17"><span class='ocrx_word' id='word_1_46' title='bbox 128 698 239 722; x_wconf 73' lang='lat' dir='ltr'>Lxxt.</span> <span class='ocrx_word' id='word_1_47' title='bbox 313 691 338 707; x_wconf 90' lang='lat'><strong>“</strong></span> <span class='ocrx_word' id='word_1_48' title='bbox 353 685 505 736; x_wconf 81' lang='lat' dir='ltr'><strong>Coepio,</strong></span> <span class='ocrx_word' id='word_1_49' title='bbox 551 697 642 723; x_wconf 90' lang='lat' dir='ltr'>cum</span> <span class='ocrx_word' id='word_1_50' title='bbox 679 683 795 723; x_wconf 79' lang='lat' dir='ltr'><strong>aliter</strong></span> <span class='ocrx_word' id='word_1_51' title='bbox 830 683 988 722; x_wconf 80' lang='lat' dir='ltr'><strong>vincere</strong></span> <span class='ocrx_word' id='word_1_52' title='bbox 1022 696 1103 721; x_wconf 85' lang='lat' dir='ltr'>non</span> <span class='ocrx_word' id='word_1_53' title='bbox 1143 683 1280 734; x_wconf 78' lang='lat' dir='ltr'><strong>possit,</strong></span> <span class='ocrx_word' id='word_1_54' title='bbox 1321 682 1423 720; x_wconf 76' lang='lat' dir='ltr'>duos</span> <span class='ocrx_word' id='word_1_55' title='bbox 1467 682 1654 739; x_wconf 63' lang='lat' dir='ltr'><strong>satellites</strong></span> 
     </span>
     <span class='ocr_line' id='line_1_7' title="bbox 127 739 1653 810; baseline -0.002 -14"><span class='ocrx_word' id='word_1_56' title='bbox 127 759 294 810; x_wconf 78' lang='lat' dir='ltr'><strong>pecunia</strong></span> <span class='ocrx_word' id='word_1_57' title='bbox 323 739 512 809; x_wconf 76' lang='lat' dir='ltr'><strong>eorrupit,</strong></span> <span class='ocrx_word' id='word_1_58' title='bbox 539 757 609 808; x_wconf 86' lang='lat' dir='ltr'>qui</span> <span class='ocrx_word' id='word_1_59' title='bbox 638 757 864 795; x_wconf 81' lang='lat' dir='ltr'>Viriathum</span> <span class='ocrx_word' id='word_1_60' title='bbox 895 756 982 794; x_wconf 74' lang='lat' dir='ltr'>vino</span> <span class='ocrx_word' id='word_1_61' title='bbox 1007 754 1214 808; x_wconf 75' lang='lat' dir='ltr'><em>depositum</em></span> <span class='ocrx_word' id='word_1_62' title='bbox 1243 755 1549 794; x_wconf 77' lang='lat' dir='ltr'><strong>interimerent-&#39;⁹</strong></span> <span class='ocrx_word' id='word_1_63' title='bbox 1575 756 1601 793; x_wconf 85' lang='lat' dir='ltr'>i.</span> <span class='ocrx_word' id='word_1_64' title='bbox 1620 770 1653 795; x_wconf 87' lang='lat' dir='ltr'>e.</span> 
     </span>
    </p>
   </div>
   <div class='ocr_carea' id='block_1_3' title="bbox 126 836 294 873">
    <p class='ocr_par' dir='ltr' id='par_1_3' title="bbox 126 836 294 873">
     <span class='ocr_line' id='line_1_8' title="bbox 126 836 294 873; baseline -0.006 0"><span class='ocrx_word' id='word_1_65' title='bbox 126 836 294 873; x_wconf 83' lang='lat' dir='ltr'>ebrium.</span> 
     </span>
    </p>
   </div>
   <div class='ocr_carea' id='block_1_4' title="bbox 126 946 1655 1162">
    <p class='ocr_par' dir='ltr' id='par_1_4' title="bbox 126 946 1655 1162">
     <span class='ocr_line' id='line_1_9' title="bbox 209 946 1654 1009; baseline -0.001 -13"><span class='ocrx_word' id='word_1_66' title='bbox 209 979 276 987; x_wconf 91' lang='lat'>—-</span> <span class='ocrx_word' id='word_1_67' title='bbox 350 948 567 998; x_wconf 82' lang='lat' dir='ltr'><strong>Affectat</strong></span> <span class='ocrx_word' id='word_1_68' title='bbox 598 946 766 1009; x_wconf 69' lang='lat' dir='ltr'><strong>viam]</strong></span> <span class='ocrx_word' id='word_1_69' title='bbox 837 952 958 994; x_wconf 77' lang='lat' dir='ltr'>Aims</span> <span class='ocrx_word' id='word_1_70' title='bbox 992 957 1041 994; x_wconf 84' lang='lat' dir='ltr'>at</span> <span class='ocrx_word' id='word_1_71' title='bbox 1072 953 1172 994; x_wconf 71' lang='lat' dir='ltr'>thie.</span> <span class='ocrx_word' id='word_1_72' title='bbox 1248 955 1355 993; x_wconf 81' lang='lat' dir='ltr'>Men.</span> <span class='ocrx_word' id='word_1_73' title='bbox 1384 961 1471 995; x_wconf 87' lang='lat'>588.</span> <span class='ocrx_word' id='word_1_74' title='bbox 1498 956 1549 995; x_wconf 81' lang='lat' dir='ltr'>G.</span> <span class='ocrx_word' id='word_1_75' title='bbox 1585 957 1654 995; x_wconf 81' lang='lat' dir='ltr'>ubi</span> 
     </span>
     <span class='ocr_line' id='line_1_10' title="bbox 126 1034 1655 1088; baseline 0.001 -13"><span class='ocrx_word' id='word_1_76' title='bbox 126 1038 271 1075; x_wconf 78' lang='lat' dir='ltr'><strong>citatur</strong></span> <span class='ocrx_word' id='word_1_77' title='bbox 298 1037 408 1076; x_wconf 81' lang='lat' dir='ltr'><strong>locus</strong></span> <span class='ocrx_word' id='word_1_78' title='bbox 438 1051 485 1076; x_wconf 85' lang='lat' dir='ltr'>ex</span> <span class='ocrx_word' id='word_1_79' title='bbox 510 1036 625 1088; x_wconf 87' lang='lat' dir='ltr'>Virg.</span> <span class='ocrx_word' id='word_1_80' title='bbox 666 1036 812 1087; x_wconf 87' lang='lat' dir='ltr'>Georg.</span> <span class='ocrx_word' id='word_1_81' title='bbox 831 1035 903 1073; x_wconf 91' lang='lat' dir='ltr'>IV.</span> <span class='ocrx_word' id='word_1_82' title='bbox 933 1034 1034 1082; x_wconf 85' lang='lat'>562;</span> <span class='ocrx_word' id='word_1_83' title='bbox 1072 1036 1114 1073; x_wconf 88' lang='lat' dir='ltr'>in</span> <span class='ocrx_word' id='word_1_84' title='bbox 1145 1047 1265 1086; x_wconf 85' lang='lat' dir='ltr'>quem</span> <span class='ocrx_word' id='word_1_85' title='bbox 1299 1035 1483 1074; x_wconf 82' lang='lat' dir='ltr'><strong>observat</strong></span> <span class='ocrx_word' id='word_1_86' title='bbox 1508 1036 1655 1076; x_wconf 77' lang='lat' dir='ltr'>Noster</span> 
     </span>
     <span class='ocr_line' id='line_1_11' title="bbox 128 1108 1654 1162; baseline -0.001 -13"><span class='ocrx_word' id='word_1_87' title='bbox 128 1111 256 1150; x_wconf 66' lang='lat' dir='ltr'>Hune</span> <span class='ocrx_word' id='word_1_88' title='bbox 292 1111 413 1150; x_wconf 81' lang='lat' dir='ltr'><strong>citare</strong></span> <span class='ocrx_word' id='word_1_89' title='bbox 451 1110 758 1162; x_wconf 74' lang='lat' dir='ltr'><strong>Philargyrhxm,</strong></span> <span class='ocrx_word' id='word_1_90' title='bbox 796 1115 822 1132; x_wconf 88' lang='lat'><em>“</em></span> <span class='ocrx_word' id='word_1_91' title='bbox 837 1109 893 1149; x_wconf 89' lang='lat' dir='ltr'>Ut</span> <span class='ocrx_word' id='word_1_92' title='bbox 926 1123 991 1148; x_wconf 85' lang='lat' dir='ltr'>me</span> <span class='ocrx_word' id='word_1_93' title='bbox 1022 1109 1190 1161; x_wconf 73' lang='lat' dir='ltr'><em>deponas</em></span> <span class='ocrx_word' id='word_1_94' title='bbox 1220 1108 1328 1155; x_wconf 88' lang='lat' dir='ltr'><strong>vino,</strong></span> <span class='ocrx_word' id='word_1_95' title='bbox 1366 1122 1453 1148; x_wconf 80' lang='lat' dir='ltr'>eam</span> <span class='ocrx_word' id='word_1_96' title='bbox 1490 1110 1654 1162; x_wconf 74' lang='lat' dir='ltr'><em>affectas</em></span> 
     </span>
    </p>
   </div>
   <div class='ocr_carea' id='block_1_5' title="bbox 128 1181 851 1237">
    <p class='ocr_par' dir='ltr' id='par_1_5' title="bbox 128 1181 851 1237">
     <span class='ocr_line' id='line_1_12' title="bbox 128 1181 851 1237; baseline -0.003 -15"><span class='ocrx_word' id='word_1_97' title='bbox 128 1185 279 1222; x_wconf 62' lang='lat' dir='ltr'><strong>viam?</strong></span> <span class='ocrx_word' id='word_1_98' title='bbox 307 1198 387 1223; x_wconf 87' lang='lat' dir='ltr'>non</span> <span class='ocrx_word' id='word_1_99' title='bbox 414 1185 587 1237; x_wconf 72' lang='grc' dir='ltr'><strong><em>ἀεροπαὶ,</em></strong></span> <span class='ocrx_word' id='word_1_100' title='bbox 616 1191 656 1223; x_wconf 85' lang='lat' dir='ltr'>et</span> <span class='ocrx_word' id='word_1_101' title='bbox 683 1181 851 1236; x_wconf 76' lang='lat' dir='ltr'>affectat.</span> 
     </span>
    </p>
   </div>
   <div class='ocr_carea' id='block_1_6' title="bbox 202 1305 1654 1366">
    <p class='ocr_par' dir='ltr' id='par_1_6' title="bbox 202 1305 1654 1366">
     <span class='ocr_line' id='line_1_13' title="bbox 202 1305 1654 1366; baseline 0.001 -16"><span class='ocrx_word' id='word_1_102' title='bbox 202 1317 289 1351; x_wconf 87' lang='lat'>534.</span> <span class='ocrx_word' id='word_1_103' title='bbox 353 1305 430 1354; x_wconf 90' lang='lat' dir='ltr'>Eo</span> <span class='ocrx_word' id='word_1_104' title='bbox 458 1306 707 1366; x_wconf 64' lang='lat' dir='ltr'><strong>lavatum]</strong></span> <span class='ocrx_word' id='word_1_105' title='bbox 770 1310 800 1350; x_wconf 92' lang='lat' dir='ltr'><em>I</em></span> <span class='ocrx_word' id='word_1_106' title='bbox 813 1321 875 1364; x_wconf 84' lang='lat' dir='ltr'>go</span> <span class='ocrx_word' id='word_1_107' title='bbox 897 1312 940 1348; x_wconf 85' lang='lat' dir='ltr'>to</span> <span class='ocrx_word' id='word_1_108' title='bbox 962 1307 1099 1350; x_wconf 74' lang='lat' dir='ltr'>bathe.</span> <span class='ocrx_word' id='word_1_109' title='bbox 1163 1310 1242 1349; x_wconf 91' lang='lat' dir='ltr'>Pro</span> <span class='ocrx_word' id='word_1_110' title='bbox 1259 1309 1332 1356; x_wconf 78' lang='lat' dir='ltr'>ibo,</span> <span class='ocrx_word' id='word_1_111' title='bbox 1357 1324 1467 1350; x_wconf 85' lang='lat' dir='ltr'>more</span> <span class='ocrx_word' id='word_1_112' title='bbox 1489 1311 1654 1364; x_wconf 89' lang='lat' dir='ltr'>loquen-</span> 
     </span>
    </p>
   </div>
   <div class='ocr_carea' id='block_1_7' title="bbox 128 1390 1652 1507">
    <p class='ocr_par' dir='ltr' id='par_1_7' title="bbox 128 1390 1652 1507">
     <span class='ocr_line' id='line_1_14' title="bbox 128 1390 1652 1445; baseline -0.001 -13"><span class='ocrx_word' id='word_1_113' title='bbox 128 1393 169 1431; x_wconf 85' lang='lat' dir='ltr'>di</span> <span class='ocrx_word' id='word_1_114' title='bbox 196 1393 305 1445; x_wconf 87' lang='lat' dir='ltr'><strong>apud</strong></span> <span class='ocrx_word' id='word_1_115' title='bbox 332 1393 514 1432; x_wconf 81' lang='lat' dir='ltr'><strong>Comicos</strong></span> <span class='ocrx_word' id='word_1_116' title='bbox 540 1392 695 1431; x_wconf 81' lang='lat' dir='ltr'>usitato.</span> <span class='ocrx_word' id='word_1_117' title='bbox 752 1391 850 1429; x_wconf 88' lang='lat' dir='ltr'>Hor.</span> <span class='ocrx_word' id='word_1_118' title='bbox 884 1390 964 1429; x_wconf 83' lang='lat' dir='ltr'>Sat.</span> <span class='ocrx_word' id='word_1_119' title='bbox 993 1390 1026 1428; x_wconf 92' lang='lat'>1.</span> <span class='ocrx_word' id='word_1_120' title='bbox 1055 1404 1110 1428; x_wconf 78' lang='lat' dir='ltr'>vx.</span> <span class='ocrx_word' id='word_1_121' title='bbox 1140 1396 1223 1430; x_wconf 92' lang='lat'>125.</span> <span class='ocrx_word' id='word_1_122' title='bbox 1280 1391 1395 1430; x_wconf 88' lang='lat' dir='ltr'><strong>“Ubi</strong></span> <span class='ocrx_word' id='word_1_123' title='bbox 1414 1404 1479 1430; x_wconf 86' lang='lat' dir='ltr'>me</span> <span class='ocrx_word' id='word_1_124' title='bbox 1505 1391 1652 1430; x_wconf 77' lang='lat' dir='ltr'>fessum</span> 
     </span>
     <span class='ocr_line' id='line_1_15' title="bbox 128 1465 901 1507; baseline -0.004 -1"><span class='ocrx_word' id='word_1_125' title='bbox 128 1468 184 1506; x_wconf 84' lang='lat' dir='ltr'>sol</span> <span class='ocrx_word' id='word_1_126' title='bbox 211 1468 338 1507; x_wconf 81' lang='lat' dir='ltr'><strong>aerior</strong></span> <span class='ocrx_word' id='word_1_127' title='bbox 367 1467 424 1506; x_wconf 83' lang='lat' dir='ltr'>ire</span> <span class='ocrx_word' id='word_1_128' title='bbox 451 1467 618 1506; x_wconf 80' lang='lat' dir='ltr'><em>lavatum</em></span> <span class='ocrx_word' id='word_1_129' title='bbox 646 1465 901 1505; x_wconf 52' lang='lat' dir='ltr'><strong>Admonuit?</strong></span> 
     </span>
    </p>
   </div>
   <div class='ocr_carea' id='block_1_8' title="bbox 202 1586 1326 1771">
    <p class='ocr_par' dir='ltr' id='par_1_8' title="bbox 202 1586 1326 1771">
     <span class='ocr_line' id='line_1_16' title="bbox 202 1586 1326 1654; baseline 0.002 -20"><span class='ocrx_word' id='word_1_130' title='bbox 202 1600 290 1634; x_wconf 85' lang='lat'>535.</span> <span class='ocrx_word' id='word_1_131' title='bbox 355 1587 543 1654; x_wconf 81' lang='lat' dir='ltr'>Edepol</span> <span class='ocrx_word' id='word_1_132' title='bbox 573 1586 687 1649; x_wconf 85' lang='lat' dir='ltr'>nae.]</span> <span class='ocrx_word' id='word_1_133' title='bbox 772 1597 878 1635; x_wconf 87' lang='lat' dir='ltr'>Men.</span> <span class='ocrx_word' id='word_1_134' title='bbox 909 1601 969 1635; x_wconf 85' lang='lat'>83.</span> <span class='ocrx_word' id='word_1_135' title='bbox 998 1597 1047 1635; x_wconf 88' lang='lat' dir='ltr'>G.</span> <span class='ocrx_word' id='word_1_136' title='bbox 1106 1598 1212 1637; x_wconf 83' lang='lat' dir='ltr'>Infra</span> <span class='ocrx_word' id='word_1_137' title='bbox 1240 1599 1326 1638; x_wconf 84' lang='lat'>564.</span> 
     </span>
     <span class='ocr_line' id='line_1_17' title="bbox 211 1709 1084 1771; baseline 0.001 -14"><span class='ocrx_word' id='word_1_138' title='bbox 211 1741 278 1748; x_wconf 93' lang='lat'>—</span> <span class='ocrx_word' id='word_1_139' title='bbox 348 1709 521 1770; x_wconf 58' lang='lat' dir='ltr'><strong>Aula]</strong></span> <span class='ocrx_word' id='word_1_140' title='bbox 590 1718 692 1757; x_wconf 75' lang='lat' dir='ltr'>ona.</span> <span class='ocrx_word' id='word_1_141' title='bbox 746 1719 875 1771; x_wconf 80' lang='lat' dir='ltr'><strong>Supra</strong></span> <span class='ocrx_word' id='word_1_142' title='bbox 902 1725 990 1760; x_wconf 83' lang='lat'>344.</span> <span class='ocrx_word' id='word_1_143' title='bbox 1034 1722 1084 1760; x_wconf 83' lang='lat' dir='ltr'>G.</span> 
     </span>
    </p>
   </div>
   <div class='ocr_carea' id='block_1_9' title="bbox 201 1828 1251 1893">
    <p class='ocr_par' dir='ltr' id='par_1_9' title="bbox 201 1828 1251 1893">
     <span class='ocr_line' id='line_1_18' title="bbox 201 1828 1251 1893; baseline 0.006 -19"><span class='ocrx_word' id='word_1_144' title='bbox 201 1841 288 1883; x_wconf 91' lang='lat'>539.</span> <span class='ocrx_word' id='word_1_145' title='bbox 354 1828 469 1891; x_wconf 81' lang='lat' dir='ltr'>Sis.]</span> <span class='ocrx_word' id='word_1_146' title='bbox 534 1839 614 1878; x_wconf 90' lang='lat' dir='ltr'>Pro</span> <span class='ocrx_word' id='word_1_147' title='bbox 639 1842 674 1878; x_wconf 78' lang='lat' dir='ltr'>si</span> <span class='ocrx_word' id='word_1_148' title='bbox 701 1841 768 1879; x_wconf 76' lang='lat' dir='ltr'>vis.</span> <span class='ocrx_word' id='word_1_149' title='bbox 823 1841 955 1893; x_wconf 88' lang='lat' dir='ltr'>Supra</span> <span class='ocrx_word' id='word_1_150' title='bbox 983 1848 1018 1885; x_wconf 88' lang='lat'>7.</span> <span class='ocrx_word' id='word_1_151' title='bbox 1049 1847 1134 1881; x_wconf 87' lang='grc'><strong>102.</strong></span> <span class='ocrx_word' id='word_1_152' title='bbox 1162 1842 1251 1882; x_wconf 85' lang='lat' dir='ltr'>Etc.</span> 
     </span>
    </p>
   </div>
   <div class='ocr_carea' id='block_1_10' title="bbox 130 1973 1652 2175">
    <p class='ocr_par' dir='ltr' id='par_1_10' title="bbox 130 1973 1652 2175">
     <span class='ocr_line' id='line_1_19' title="bbox 201 1973 1652 2036; baseline 0.008 -19"><span class='ocrx_word' id='word_1_153' title='bbox 201 1984 288 2018; x_wconf 79' lang='lat'>540.</span> <span class='ocrx_word' id='word_1_154' title='bbox 353 1973 621 2036; x_wconf 68' lang='lat' dir='ltr'><strong>Mutassis]</strong></span> <span class='ocrx_word' id='word_1_155' title='bbox 694 1986 769 2024; x_wconf 88' lang='lat' dir='ltr'>Pro</span> <span class='ocrx_word' id='word_1_156' title='bbox 799 1985 1017 2032; x_wconf 77' lang='lat' dir='ltr'><strong><em>mutaveris,</em></strong></span> <span class='ocrx_word' id='word_1_157' title='bbox 1057 1987 1119 2026; x_wconf 86' lang='lat' dir='ltr'>vel</span> <span class='ocrx_word' id='word_1_158' title='bbox 1145 1993 1274 2026; x_wconf 72' lang='lat' dir='ltr'>mutes.</span> <span class='ocrx_word' id='word_1_159' title='bbox 1333 1989 1440 2028; x_wconf 82' lang='lat' dir='ltr'>Men.</span> <span class='ocrx_word' id='word_1_160' title='bbox 1476 1977 1565 2030; x_wconf 78' lang='grc'><strong>323.</strong></span> <span class='ocrx_word' id='word_1_161' title='bbox 1603 1991 1652 2029; x_wconf 91' lang='lat' dir='ltr'>G.</span> 
     </span>
     <span class='ocr_line' id='line_1_20' title="bbox 130 2058 1652 2107; baseline 0.006 -9"><span class='ocrx_word' id='word_1_162' title='bbox 130 2059 240 2098; x_wconf 80' lang='lat' dir='ltr'>Infra</span> <span class='ocrx_word' id='word_1_163' title='bbox 270 2058 358 2098; x_wconf 88' lang='grc'><strong>562.</strong></span> <span class='ocrx_word' id='word_1_164' title='bbox 394 2059 482 2099; x_wconf 88' lang='grc'><strong>565.</strong></span> <span class='ocrx_word' id='word_1_165' title='bbox 519 2066 607 2105; x_wconf 87' lang='grc'><strong>731.</strong></span> <span class='ocrx_word' id='word_1_166' title='bbox 662 2061 954 2100; x_wconf 52' lang='lat' dir='ltr'>“luciferani-tf</span> <span class='ocrx_word' id='word_1_167' title='bbox 1024 2063 1168 2103; x_wconf 76' lang='lat' dir='ltr'>Pseud.</span> <span class='ocrx_word' id='word_1_168' title='bbox 1211 2071 1270 2104; x_wconf 80' lang='lat'>12.</span> <span class='ocrx_word' id='word_1_169' title='bbox 1338 2071 1365 2088; x_wconf 89' lang='lat'><em>“</em></span> <span class='ocrx_word' id='word_1_170' title='bbox 1381 2066 1652 2107; x_wconf 74' lang='lat' dir='ltr'>Prohibessit.”</span> 
     </span>
     <span class='ocr_line' id='line_1_21' title="bbox 131 2132 1233 2175; baseline 0.003 -5"><span class='ocrx_word' id='word_1_171' title='bbox 131 2132 189 2170; x_wconf 82' lang='lat' dir='ltr'>lb.</span> <span class='ocrx_word' id='word_1_172' title='bbox 218 2137 280 2171; x_wconf 89' lang='grc'>35.</span> <span class='ocrx_word' id='word_1_173' title='bbox 334 2132 634 2171; x_wconf 67' lang='grc' dir='ltr'><strong>“8ενυα3εἰηί.”</strong></span> <span class='ocrx_word' id='word_1_174' title='bbox 670 2141 710 2172; x_wconf 86' lang='lat' dir='ltr'>et</span> <span class='ocrx_word' id='word_1_175' title='bbox 736 2140 824 2174; x_wconf 91' lang='lat'>225.</span> <span class='ocrx_word' id='word_1_176' title='bbox 880 2135 1134 2175; x_wconf 58' lang='lat' dir='ltr'>“Ourania&#39;’</span> <span class='ocrx_word' id='word_1_177' title='bbox 1161 2137 1233 2175; x_wconf 76' lang='grc' dir='ltr'><strong>διο.</strong></span> 
     </span>
    </p>
   </div>
   <div class='ocr_carea' id='block_1_11' title="bbox 211 2262 1650 2330">
    <p class='ocr_par' dir='ltr' id='par_1_11' title="bbox 211 2262 1650 2330">
     <span class='ocr_line' id='line_1_22' title="bbox 211 2262 1650 2330; baseline 0.007 -20"><span class='ocrx_word' id='word_1_178' title='bbox 211 2294 278 2301; x_wconf 92' lang='lat'><strong>—</strong></span> <span class='ocrx_word' id='word_1_179' title='bbox 353 2262 669 2324; x_wconf 67' lang='lat' dir='ltr'>Concreduo]</span> <span class='ocrx_word' id='word_1_180' title='bbox 742 2276 818 2314; x_wconf 88' lang='lat' dir='ltr'>Pro</span> <span class='ocrx_word' id='word_1_181' title='bbox 843 2276 1036 2316; x_wconf 82' lang='lat' dir='ltr'>concredo.</span> <span class='ocrx_word' id='word_1_182' title='bbox 1094 2276 1313 2330; x_wconf 69' lang='grc' dir='ltr'><strong>Ἀρχαικός.</strong></span> <span class='ocrx_word' id='word_1_183' title='bbox 1379 2278 1530 2318; x_wconf 85' lang='lat' dir='ltr'><strong>Iterum</strong></span> <span class='ocrx_word' id='word_1_184' title='bbox 1563 2281 1650 2320; x_wconf 73' lang='lat' dir='ltr'>Cas.</span> 
     </span>
    </p>
   </div>
   <div class='ocr_carea' id='block_1_12' title="bbox 130 2352 1651 2408">
    <p class='ocr_par' dir='ltr' id='par_1_12' title="bbox 130 2352 1651 2408">
     <span class='ocr_line' id='line_1_23' title="bbox 130 2352 1651 2408; baseline 0.004 -17"><span class='ocrx_word' id='word_1_185' title='bbox 130 2357 217 2395; x_wconf 90' lang='lat'>370.</span> <span class='ocrx_word' id='word_1_186' title='bbox 272 2352 360 2390; x_wconf 88' lang='lat' dir='ltr'>“Ei</span> <span class='ocrx_word' id='word_1_187' title='bbox 386 2365 464 2403; x_wconf 84' lang='lat' dir='ltr'>ego</span> <span class='ocrx_word' id='word_1_188' title='bbox 490 2365 663 2392; x_wconf 84' lang='lat' dir='ltr'><strong>amorem</strong></span> <span class='ocrx_word' id='word_1_189' title='bbox 692 2368 848 2395; x_wconf 89' lang='lat' dir='ltr'><strong>omnem</strong></span> <span class='ocrx_word' id='word_1_190' title='bbox 878 2370 1011 2396; x_wconf 88' lang='lat' dir='ltr'><strong>meum</strong></span> <span class='ocrx_word' id='word_1_191' title='bbox 1043 2356 1289 2396; x_wconf 62' lang='lat' dir='ltr'>emendatis·</span> <span class='ocrx_word' id='word_1_192' title='bbox 1324 2370 1398 2408; x_wconf 84' lang='lat' dir='ltr'>pro</span> <span class='ocrx_word' id='word_1_193' title='bbox 1422 2359 1651 2398; x_wconf 76' lang='lat' dir='ltr'>concredidi.</span> 
     </span>
    </p>
   </div>
   <div class='ocr_carea' id='block_1_13' title="bbox 130 2424 1652 2542">
    <p class='ocr_par' dir='ltr' id='par_1_13' title="bbox 130 2424 1652 2542">
     <span class='ocr_line' id='line_1_24' title="bbox 130 2424 1652 2484; baseline 0.006 -21"><span class='ocrx_word' id='word_1_194' title='bbox 130 2424 275 2464; x_wconf 77' lang='lat' dir='ltr'>Bacch.</span> <span class='ocrx_word' id='word_1_195' title='bbox 321 2425 409 2472; x_wconf 81' lang='lat'>469.</span> <span class='ocrx_word' id='word_1_196' title='bbox 482 2431 506 2447; x_wconf 95' lang='lat'><strong>“</strong></span> <span class='ocrx_word' id='word_1_197' title='bbox 522 2426 743 2479; x_wconf 83' lang='lat' dir='ltr'><strong>Nunquam</strong></span> <span class='ocrx_word' id='word_1_198' title='bbox 791 2432 1001 2484; x_wconf 83' lang='lat' dir='ltr'><strong>quisquam</strong></span> <span class='ocrx_word' id='word_1_199' title='bbox 1046 2433 1237 2471; x_wconf 50' lang='lat' dir='ltr'>creduut?</span> <span class='ocrx_word' id='word_1_200' title='bbox 1308 2433 1503 2471; x_wconf 81' lang='lat' dir='ltr'>Caeterum</span> <span class='ocrx_word' id='word_1_201' title='bbox 1546 2433 1652 2472; x_wconf 87' lang='lat' dir='ltr'>Vide</span> 
     </span>
     <span class='ocr_line' id='line_1_25' title="bbox 132 2499 845 2542; baseline 0.006 -4"><span class='ocrx_word' id='word_1_202' title='bbox 132 2499 238 2538; x_wconf 81' lang='lat' dir='ltr'>Men.</span> <span class='ocrx_word' id='word_1_203' title='bbox 265 2506 353 2540; x_wconf 88' lang='grc'><strong>223.</strong></span> <span class='ocrx_word' id='word_1_204' title='bbox 380 2500 429 2538; x_wconf 87' lang='lat' dir='ltr'>G.</span> <span class='ocrx_word' id='word_1_205' title='bbox 456 2501 498 2538; x_wconf 87' lang='lat' dir='ltr'>in</span> <span class='ocrx_word' id='word_1_206' title='bbox 530 2514 613 2540; x_wconf 88' lang='lat' dir='ltr'>voc.</span> <span class='ocrx_word' id='word_1_207' title='bbox 645 2502 845 2542; x_wconf 74' lang='lat' dir='ltr'>Per-duint.</span> 
     </span>
    </p>
   </div>
   <div class='ocr_carea' id='block_1_14' title="bbox 204 2608 1369 2675">
    <p class='ocr_par' dir='ltr' id='par_1_14' title="bbox 204 2608 1369 2675">
     <span class='ocr_line' id='line_1_26' title="bbox 204 2608 1369 2675; baseline 0.007 -23"><span class='ocrx_word' id='word_1_208' title='bbox 204 2618 292 2653; x_wconf 81' lang='lat'>542.</span> <span class='ocrx_word' id='word_1_209' title='bbox 357 2608 548 2675; x_wconf 67' lang='lat' dir='ltr'><strong>Frugi]</strong></span> <span class='ocrx_word' id='word_1_210' title='bbox 618 2615 804 2666; x_wconf 73' lang='lat' dir='ltr'><em>Honest,</em></span> <span class='ocrx_word' id='word_1_211' title='bbox 836 2619 997 2671; x_wconf 73' lang='lat' dir='ltr'>steady.</span> <span class='ocrx_word' id='word_1_212' title='bbox 1067 2622 1176 2660; x_wconf 80' lang='lat' dir='ltr'>Men.</span> <span class='ocrx_word' id='word_1_213' title='bbox 1201 2626 1288 2665; x_wconf 81' lang='lat'>478.</span> <span class='ocrx_word' id='word_1_214' title='bbox 1319 2621 1369 2659; x_wconf 86' lang='lat' dir='ltr'>G.</span> 
     </span>
    </p>
   </div>
   <div class='ocr_carea' id='block_1_15' title="bbox 211 2742 1497 2807">
    <p class='ocr_par' dir='ltr' id='par_1_15' title="bbox 211 2742 1497 2807">
     <span class='ocr_line' id='line_1_27' title="bbox 211 2742 1497 2807; baseline 0.002 -17"><span class='ocrx_word' id='word_1_215' title='bbox 211 2772 277 2780; x_wconf 92' lang='lat'>-—</span> <span class='ocrx_word' id='word_1_216' title='bbox 352 2742 654 2807; x_wconf 74' lang='lat' dir='ltr'>Persequor-J</span> <span class='ocrx_word' id='word_1_217' title='bbox 724 2751 983 2803; x_wconf 77' lang='lat' dir='ltr'><strong>”Diligenter</strong></span> <span class='ocrx_word' id='word_1_218' title='bbox 1010 2760 1244 2805; x_wconf 84' lang='lat' dir='ltr'>exsequor.“</span> <span class='ocrx_word' id='word_1_219' title='bbox 1298 2756 1400 2792; x_wconf 70' lang='lat' dir='ltr'>Con.</span> <span class='ocrx_word' id='word_1_220' title='bbox 1422 2756 1497 2793; x_wconf 76' lang='lat' dir='ltr'>Ms.</span> 
     </span>
    </p>
   </div>
  </div>
 </body>
</html>
