1864 3152
655 266 721 307 IN
756 265 1208 307 AULULARIAM.
1601 265 1687 307 185

236 406 324 447 635.
389 403 572 453 Malam
607 403 747 465 rem.]
825 414 985 467 Plagae,
1013 421 1082 453 aut
1107 414 1185 453 tale
1211 414 1372 466 aliquid.
1439 414 1568 466 Supra
1598 420 1686 458 487.

237 551 326 591 636.
389 545 587 607 Juxta]
650 557 673 570 '⁹
689 556 916 597 Similiter.“
988 559 1092 596 Non.
1128 556 1225 607 Cap.
1252 555 1326 593 IV.
1354 560 1443 594 233.
1487 554 1557 606 qui
1594 554 1688 594 citat

165 635 272 675 hunc
296 643 463 694 textum,
496 643 537 676 et
565 637 746 676 Trinum.
801 637 1044 690 “Juxtaque
1072 651 1158 677 eam
1188 650 1284 676 curo
1305 650 1387 674 cum
1408 637 1530 675 mea.”

250 789 315 796 —
391 747 593 821 Tenem]
668 767 760 808 You
792 767 1097 813 understand‚·
1163 780 1238 807 are
1290 765 1510 820 possessed
1560 765 1677 807 with.

166 847 257 886 Hoc
287 861 403 887 sensu
429 849 575 900 passim
609 849 719 901 apud
759 849 962 895 Nostrum,
998 856 1038 888 et
1065 849 1128 887 vel
1154 848 1344 893 absolute,
1373 848 1437 887 vel
1463 862 1554 887 cum
1580 861 1686 894 casu,

163 923 345 961 occurrit.
416 923 511 962 Cist.
548 929 637 968 277.
705 928 730 946 “
747 924 844 962 Rem
873 925 1010 962 tenes-’¹
1059 929 1148 962 341.
1207 928 1231 946 “
1252 923 1374 962 Teneo
1418 923 1521 962 istuc
1556 923 1686 962 satis.”

164 995 278 1033 Cure.
305 1001 367 1034 44.
423 995 588 1035 “Recte
626 998 763 1035 tenes.”
799 998 870 1035 &a
927 997 1037 1034 Infra
1065 1001 1152 1042 739.

236 1129 326 1174 637.
391 1124 577 1189 Super]
647 1129 923 1183 Respeoting.
999 1131 1119 1180 Quod
1146 1131 1287 1170 attinet
1324 1130 1386 1169 ad.
1451 1132 1559 1169 Con:
1599 1132 1685 1170 Ms:

159 1211 179 1223 ”
193 1210 333 1261 Super,
362 1211 412 1249 de
424 1226 436 1256 ;
474 1218 519 1249 ut
549 1210 772 1262 Virg.‘AEn.
794 1211 824 1249 Ι.
853 1216 940 1254 750.
994 1216 1019 1232 “
1036 1210 1164 1251 Multa
1182 1223 1297 1261 super
1318 1208 1476 1247 Priamo
1493 1209 1681 1260 rogitans,

162 1293 278 1331 super
306 1279 473 1318 Hectore
498 1280 694 1318 multa.'’“

237 1415 326 1455 638.
386 1410 486 1459 Fac
507 1412 796 1459 mentionem
820 1412 964 1469 cum.]
1036 1415 1360 1457 Communicate
1382 1415 1500 1455 with.
1571 1418 1688 1457 Hanc

164 1487 362 1546 syntaxin,
389 1509 463 1547 pro
491 1510 608 1547 agere
638 1509 731 1535 cum
760 1496 894 1547 aliquo
918 1496 1061 1541 verbis,
1091 1496 1222 1534 dicere
1245 1495 1354 1547 apud
1375 1495 1560 1546 aliquem,
1578 1502 1691 1535 notat

166 1569 313 1608 Gnou:
351 1570 475 1608 citans
504 1571 601 1610 Cist.
632 1575 718 1610 134.
774 1570 925 1622 “Saepe
961 1584 1116 1609 mecum
1143 1569 1359 1608 mentionem
1371 1569 1564 1621 fec-erat?
1622 1571 1690 1609 Ad

166 1645 334 1683 verbum
363 1659 447 1691 nos,
481 1645 603 1683 Make
630 1645 803 1683 mention.

238 1783 327 1829 639.
390 1775 637 1836 Resecro]
675 1783 705 1823 I
733 1783 891 1823 unask.
961 1787 1097 1825 Fns'r:
1145 1786 1368 1832 Resecrare,
1407 1780 1562 1825 solvere'
1597 1786 1688 1825 reli-

163 1865 293 1916 gione.
347 1866 395 1903 In
423 1879 542 1917 quem
578 1867 762 1904 observat
789 1866 902 1904 DAc:
941 1869 962 1882 '’
977 1867 1035 1905 Ea
1064 1867 1340 1920 superstitione
1368 1867 1540 1906 imbutos
1567 1867 1690 1906 fuisse

164 1939 345 1985 Veteres,
386 1947 432 1978 ut
460 1940 491 1978 si
524 1941 614 1991 quis
644 1940 795 1979 obsecro
831 1940 995 1986 dixerat,
1035 1955 1128 1980 eum
1160 1955 1279 1992 quem
1310 1941 1585 1993 alloquebatur
1619 1942 1689 1980 ob-

165 2016 359 2068 stringere
394 2016 650 2068 obligareque
679 2017 851 2068 quodam
894 2024 1137 2056 sacramento
1173 2024 1214 2056 et
1242 2017 1506 2069 jurejurando
1536 2017 1689 2056 videre-

164 2099 243 2137 tur,
276 2091 381 2130 unde
410 2091 566 2130 liberari
598 2105 677 2129 non
706 2099 850 2143 posset,
886 2091 961 2129 nisi
997 2091 1116 2137 idem,
1165 2092 1234 2143 qui
1271 2093 1553 2137 obsecraverat,
1590 2105 1689 2130 rese-

166 2171 308 2211 craret,
344 2165 387 2203 id
414 2171 487 2210 est,
519 2178 565 2203 ea
592 2165 784 2216 religione
808 2165 1019 2204 solveret.“
1072 2165 1176 2204 Citat
1208 2165 1340 2203 Face:
1369 2165 1483 2205 Corn.
1515 2165 1620 2218 Nep.
1647 2166 1690 2204 in

166 2240 296 2278 Alcib.
334 2239 430 2291 Cap.
467 2239 541 2277 V1.
581 2238 632 2277 ad
673 2239 738 2276 fin.
805 2243 831 2260 “
844 2238 1052 2290 Iidemque
1093 2239 1151 2276 illi
1190 2238 1438 2290 Eumolpidae
1469 2238 1689 2278 sacerdotes

166 2328 303 2353 rursus
344 2327 541 2352 resecrare
576 2313 666 2365 [vel
700 2313 941 2365 resacrare‚]
988 2320 1081 2351 sunt
1115 2313 1251 2358 coacti,
1289 2313 1358 2364 qui
1394 2325 1486 2351 eum
1520 2312 1690 2352 devove-

165 2391 289 2428 rant.”
334 2389 360 2427 i.
379 2403 412 2428 e.
440 2389 648 2428 devotione
675 2387 853 2426 liberare.
906 2387 1140 2426 Notandum
1174 2395 1307 2425 tamen
1334 2393 1406 2434 est,
1430 2388 1598 2425 verbum
1628 2400 1689 2425 re-

165 2475 319 2500 secrare
350 2475 423 2514 pro
460 2474 502 2499 re
535 2461 733 2500 obsecrare
763 2473 974 2511 usurpasse
1006 2460 1190 2498 Plautum
1227 2459 1269 2497 in
1316 2459 1425 2521 Pers.
1449 2465 1509 2498 48.
1563 2465 1590 2482 “
1604 2458 1689 2498 Ob-

166 2547 288 2580 secro,
334 2533 571 2586 Resecroque
615 2540 667 2578 te,
711 2545 872 2584 operam
907 2531 959 2570 da
991 2532 1095 2571 hanc
1127 2532 1225 2570 mihi
1270 2531 1461 2570 fidelem.”
1530 2530 1569 2584 (1
1612 2532 1687 2570 irn-

165 2609 278 2661 plore
308 2622 388 2660 you
415 2608 532 2660 again
561 2607 640 2646 and
670 2607 819 2658 again.)
874 2606 992 2645 Unde
1019 2614 1153 2645 nostro
1179 2605 1364 2657 equidem
1394 2605 1492 2651 loeo,
1521 2606 1690 2658 (absque

169 2682 277 2721 Festi
312 2683 543 2722 auctoritate
577 2690 692 2727 esset,
730 2682 800 2733 qui
831 2695 922 2720 eum
959 2681 1161 2732 superiore
1190 2680 1473 2730 significatione
1502 2681 1688 2733 accepit‚)

169 2758 275 2796 haud
310 2759 460 2798 invitus
496 2771 643 2796 resecro
676 2771 750 2810 pro
780 2771 827 2796 eo
858 2758 966 2808 quod
1000 2763 1101 2796 esset
1135 2756 1270 2794 iterum
1301 2758 1507 2808 iterumque
1539 2756 1691 2796 obsecro

274 2836 323 2868 24
