1864 3152
164 229 251 271 200
610 236 788 271 mmlx
828 235 887 269 IN
927 234 1318 269 AULULARIAM.

163 354 381 393 Alter-catio
398 360 468 392 est.
498 358 586 392 440.

162 429 331 467 Amabo.
365 433 447 468 101.

162 504 369 543 Amabant
386 516 450 541 me
468 502 535 541 dii.
565 506 652 541 450.

164 578 348 631 Angulos
366 590 513 616 omnes.
541 581 630 623 891.
659 575 747 616 506.

164 654 322 694 Animae
336 666 386 692 ne
405 651 503 704 quid
518 651 684 690 amittat.
708 656 797 697 259.
808 650 896 690 261.

163 728 299 768 Animi
320 727 548 766 discrucior.
577 725 640 765 66.

162 804 310 844 Animo
327 804 434 842 bono
451 816 504 842 es.
533 801 622 848 689.
653 805 741 845 744.

162 878 342 918 Animos.
381 874 592 928 (Haughty
619 873 765 926 spirit.)
796 878 879 912 124.

161 954 355 993 Animum
373 951 624 992 confirmare.
655 955 743 989 825.

162 1026 355 1066 Animum
372 1022 566 1063 fraudavi.
599 1022 688 1062 682.

160 1102 334 1141 Animus
352 1113 499 1152 aequos.
533 1103 617 1138 144.

162 1175 355 1217 Antehac.
383 1179 471 1220 849.

162 1251 272 1291 Anui
290 1248 512 1303 peculiaris.
542 1253 630 1287 420.

162 1323 320 1376 Apollo.
373 1321 482 1373 ἅλεξί
483 1337 604 1359 κκκκκκ
636 1324 726 1359 348.

163 1397 397 1450 Apparabas
417 1402 462 1434 ut
478 1395 664 1446 eriperes.
695 1399 783 1437 782.

162 1472 343 1526 Appetit.
374 1469 676 1524 (Approaches.)
707 1467 769 1508 36.

163 1548 288 1602 Apud
306 1561 381 1587 me.
411 1551 500 1586 200.
531 1551 620 1591 700.
651 1551 740 1591 779.

162 1623 289 1677 Apud
317 1636 399 1661 nos.
429 1626 490 1661 44.
523 1620 612 1667 296.
644 1625 732 1659 311.

164 1697 290 1750 Apud
308 1705 359 1736 te.
392 1702 451 1736 12.

162 1775 323 1827 Aquam
341 1772 546 1824 aufugisse
564 1770 698 1810 dicito.
732 1776 793 1810 55.

165 1852 324 1902 Aquam
343 1847 473 1900 plorat
489 1844 744 1898 profundere.
773 1844 862 1885 268.

166 1929 342 1967 Araneas
360 1924 445 1963 illas
465 1922 611 1962 servari
632 1922 733 1960 volo.
764 1927 826 1961 48.

168 1999 336 2041 Araneis
353 1997 537 2050 oppletae.
567 2002 628 2035 45.

168 2074 422 2116 Arbitrarier.
452 2071 540 2112 561.

167 2150 375 2190 Arbitratu
394 2154 476 2186 tuo.
506 2145 596 2186 601.
623 2144 712 2185 608.

169 2224 354 2265 Arbitror
382 2221 424 2260 in
442 2233 525 2260 rem
544 2227 653 2259 tuam
672 2232 768 2258 esse.
803 2224 888 2259 103.

167 2296 380 2337 Arcularii.
409 2299 501 2339 478.

167 2371 420 2424 Argentario.
450 2375 538 2409 482.
569 2372 653 2407 484.

167 2451 311 2501 Argus.
338 2451 427 2486 510.

169 2528 310 2566 Artem
328 2523 458 2563 facere
475 2519 682 2560 ludicram.
715 2523 804 2559 580.

169 2600 392 2649 Artoptam.
421 2599 510 2635 854.

170 2670 349 2711 Asellum
367 2682 432 2708 me
450 2680 545 2708 esse.
584 2664 667 2705 186.

171 2748 345 2786 Asseres.
377 2749 420 2783 81
433 2749 464 2783 l.

987 351 1045 390 At
1063 350 1171 398 scin',
1190 349 1415 402 quomodo?
1450 348 1536 393 786.

989 425 1147 464 Αῐιοίιι·
1155 423 1435 477 quomodotibi
1442 422 1701 463 maehum?
1711 427 1747 461 8.

989 500 1046 537 At
1063 505 1118 537 ut.
1175 496 1440 551 Indignatus).
1473 501 1531 537 18.

989 574 1174 613 Athenis.
1202 573 1291 619 767.

991 650 1203 688 Attam-
1235 654 1323 692 711.

991 727 1116 765 Attst.
1144 725 1232 770 367.
1259 725 1347 771 619.
1375 722 1465 763 666.

990 802 1144 840 Auctor
1162 814 1263 839 sum.
1292 805 1381 844 207.

992 876 1108 915 Aula.
1141 889 1215 927 pro
1228 874 1318 913 olla.
1351 873 1440 914 346.
1466 879 1554 914 535.
1584 877 1671 912 538.

992 951 1148 989 Aulam.
1186 963 1260 1002 pro
1277 949 1401 989 ollam.
1433 954 1522 989 344.
1552 947 1640 989 568-

993 1025 1140 1064 Aulam
1158 1024 1256 1063 auri.
1290 1029 1378 1068 720.

992 1101 1137 1140 Aulam
1157 1100 1348 1152 majorem
1366 1106 1470 1151 pete.
1506 1102 1595 1138 844.

993 1175 1138 1214 Aulam
1157 1181 1339 1213 onustam
1357 1173 1456 1212 auri.
1490 1171 1577 1212 565.
1611 1176 1698 1214 571.

993 1252 1148 1290 Aureos
1166 1258 1330 1290 montes.
1362 1249 1450 1290 655.
1518 1298 1525 1304 -

992 1326 1095 1365 Auri
1114 1325 1285 1378 plenam.
1318 1330 1406 1369 777.

994 1398 1175 1438 Aurifex.
1206 1398 1293 1438 462.

994 1475 1107 1513 Auro
1124 1480 1317 1513 onustam.
1350 1470 1438 1517 766.

994 1551 1160 1588 Aurum.
1198 1549 1268 1598 (In
1286 1547 1396 1587 cultu
1415 1545 1634 1596 muliebri.)
1664 1535 1752 1585 454.

1072 1628 1159 1667 705.

995 1699 1152 1752 Aurum
1170 1695 1264 1734 huic
1283 1694 1373 1734 olet.
1405 1698 1489 1738 178.

994 1771 1152 1809 Aurum
1172 1768 1271 1822 quid
1290 1768 1416 1807 valet!
1446 1772 1534 1806 221.

994 1846 1190 1899 Auspicio
1207 1845 1321 1883 malo.
1353 1849 1440 1883 401.

995 1922 1149 1961 Avidis.
1185 1933 1260 1973 pro
1277 1918 1421 1958 avaris.
1454 1922 1542 1957 440.
1570 1921 1658 1955 441.

994 1996 1130 2036 Avido
1148 1995 1320 2047 ingenio.
1351 2006 1426 2047 pro
1443 2004 1574 2031 avaro.
1602 1990 1645 2028 P.
1665 1997 1701 2037 9.

994 2071 1125 2110 Avius
1142 2070 1268 2109 lucus.
1298 2067 1388 2108 628.

994 2141 1214 2182 Avonculo.
1245 2139 1335 2180 688.
1368 2144 1455 2185 789.

994 2215 1238 2256 Avonculus.
1257 2219 1345 2258 735.

1354 2337 1398 2377 Β.

997 2439 1232 2482 Bacchanal.
1263 2438 1352 2479 862.
1381 2437 1469 2482 367.

996 2514 1181 2555 Bacchas.
1219 2511 1308 2551 862.

996 2589 1152 2629 Bellum
1172 2595 1213 2627 et
1230 2584 1421 2639 pudicum
1443 2596 1548 2622 vero.
1576 2587 1664 2621 241.

998 2664 1107 2702 Bene
1136 2674 1199 2700 me
1217 2660 1418 2699 haberem.
1452 2655 1542 2697 826.

1002 2734 1219 2775 Benedice.
1249 2738 1337 2779 744.
