1864 3152
185 234 230 282 vi
769 243 1117 278 PRAEFA'rm.

183 379 295 412 rum
340 361 774 411 humanissimum
806 361 1083 426 poeniteat!
1159 358 1282 424 Ipse
1318 374 1441 407 vero
1471 358 1595 408 olim
1622 358 1709 424 ju-

184 453 445 502 venilibus
478 452 760 501 admodum
801 451 955 500 annis
989 450 1058 500 ad
1094 450 1205 499 haec
1246 449 1505 498 severiora
1540 449 1711 498 studia

181 550 411 600 vocatus,
472 542 527 591 in
583 542 775 607 quibus
835 558 937 590 non
997 540 1110 590 sine
1170 539 1333 605 gloria
1389 538 1705 594 militaverit,

185 631 340 681 rudes
380 631 784 696 inexpertosque
820 628 1064 695 discipuli
1110 628 1191 677 sui
1242 628 1386 676 nisus
1431 644 1590 692 quam
1634 628 1709 675 in-

184 718 580 785 dulgentissime
621 720 912 786 spectabit;
958 719 1216 784 idemque,
1265 719 1386 767 licet
1427 717 1709 784 imperitio-

185 826 310 867 rem,
348 810 473 859 licet
504 819 583 860 est
606 810 699 859 ubi
725 810 1080 867 indoctiorem,
1112 810 1235 859 licet
1264 809 1462 874 majora
1485 808 1712 873 denique

185 897 382 947 viribus
411 898 521 948 suis
549 898 884 948 affectantem
918 898 1360 955 animadverterit,
1396 897 1537 946 haud
1563 897 1709 963 parvi

184 993 361 1035 tamen
402 986 696 1045 aestimabit,
739 987 879 1052 quod
919 1003 1022 1037 non
1067 988 1347 1051 ingratum,
1390 1003 1494 1035 non
1533 985 1711 1034 imme-

187 1090 382 1124 morem
428 1075 525 1132 sui,
574 1090 680 1124 non
724 1076 914 1124 summi
959 1076 1112 1142 pretii
1164 1074 1538 1125 beneficiorum
1583 1074 1712 1123 obli-

186 1171 299 1214 tum
334 1179 448 1212 esse
480 1162 745 1229 repererit.
818 1163 1027 1212 Nimius
1069 1162 1287 1212 fortasse
1326 1162 1471 1212 visus
1510 1161 1712 1217 fuerim,

187 1252 240 1300 in
291 1251 553 1310 laudibus,
606 1269 638 1300 a
690 1253 957 1318 proposito
1016 1269 1131 1301 meo
1188 1251 1389 1308 alienis,
1444 1259 1713 1315 utcunque

187 1341 363 1391 debito
402 1341 704 1400 minoribus,
752 1342 1085 1402 effutiendis3
1130 1341 1224 1391 sed
1266 1342 1319 1390 in
1366 1341 1610 1407 exemplo
1651 1340 1711 1389 li·

184 1429 474 1480 beralitatis
518 1447 677 1495 quam
721 1431 997 1481 rarissimae
1044 1430 1397 1488 memorando,
1441 1430 1587 1479 nolui
1629 1446 1713 1479 oc-

187 1518 453 1567 casionem
512 1518 908 1584 praetermittere
975 1527 1149 1583 grates
1218 1518 1345 1567 Viro
1405 1517 1459 1565 in
1533 1516 1715 1583 primis

188 1609 254 1660 de
315 1610 588 1676 republica
650 1610 975 1660 benemerito
1039 1608 1308 1666 reddendi,
1371 1608 1565 1673 quibus
1624 1606 1714 1655 diu

187 1700 354 1758 vivus,
396 1699 701 1765 utinamque
740 1708 794 1749 et
838 1699 1036 1756 valens,
1076 1698 1293 1756 fruatur,
1338 1697 1421 1746 sin
1466 1697 1616 1746 aliter
1649 1695 1716 1745 de

189 1787 280 1838 illo
325 1787 474 1838 Deus
517 1788 747 1853 optimus
800 1787 1063 1836 maximus
1110 1785 1366 1842 statuerit,
1422 1800 1531 1841 eas,
1584 1782 1715 1838 volo,

191 1884 244 1926 et

499 1952 678 2005 “babeat
705 1967 853 1999 secum,
882 1962 1092 2005 servetque
1120 1952 1338 2005 sepulcro.··

292 2117 462 2168 Venio
506 2119 719 2168 tandem
767 2119 834 2168 ad
891 2120 1100 2169 ultimas
1147 2135 1236 2168 eas
1282 2118 1555 2184 suppetias
1600 2136 1716 2184 quae

192 2206 322 2256 mihi
364 2207 431 2256 ad
473 2206 607 2256 hanc
653 2207 932 2258 editionem
974 2208 1332 2259 adornandam
1372 2206 1716 2272 contigerint;

194 2300 429 2366 intelligo
460 2309 563 2350 tres
596 2300 816 2351 Codices
844 2319 910 2351 ex
944 2302 1280 2352 Bibliotheca
1310 2301 1556 2351 Palatina
1589 2300 1715 2348 Viu-

194 2389 497 2448 dobonensi,
553 2389 604 2439 in
653 2408 837 2440 manus
885 2408 1026 2441 meas
1076 2392 1149 2441 ibi
1196 2390 1497 2441 conserendi
1540 2407 1715 2445 causa,

195 2478 463 2530 Curatoris
506 2480 713 2538 eruditi,
775 2481 1092 2531 Ferdinandi
1141 2480 1297 2538 Wolf,
1355 2480 1719 2530 benevolentia

196 2568 441 2619 traditos:
500 2569 652 2637 cujus
710 2569 838 2619 mihi
895 2586 1081 2620 nomen
1135 2570 1276 2636 quod
1333 2570 1469 2618 inter
1525 2570 1721 2620 amicos

193 2676 464 2710 numerare
511 2659 818 2726 permissum
859 2660 941 2718 sit,
995 2669 1053 2710 ut
1098 2669 1150 2710 et
1195 2659 1298 2709 alia
1344 2659 1602 2725 permulta
1646 2659 1717 2708 la-

191 2747 404 2797 boribus
451 2747 530 2796 his
569 2749 756 2799 nostris
793 2750 1119 2815 opitulantia,
1164 2750 1422 2799 constanti
1473 2749 1716 2798 amicitia*
