1864 3152
649 240 725 280 IN·
751 237 1190 280 MENAECHMOS.
1591 234 1677 274 135

154 385 312 422 nequam
333 371 461 412 homo.
481 371 705 421 indiligens,
734 372 833 408 Cum
854 370 969 420 pigra
989 368 1148 412 familia,
1174 364 1416 410 immundus,
1437 363 1681 400 instrenuos:

155 447 236 485 Hic
255 447 339 498 jam
360 447 511 485 aedibus
535 447 676 485 vitium
700 446 873 490 additur,
899 446 1012 483 bona·
1042 457 1162 495 quom
1185 448 1374 480 curantur
1401 438 1535 476 male.”
1584 438 1684 475 Hor.

154 522 235 560 Sat.
264 522 320 560 ΙΙ.
344 535 421 560 vu.
457 527 541 561 100.
596 528 621 544 “
638 522 822 573 Nequam,
860 529 899 559 et
928 527 1098 559 cessator
1130 517 1304 556 Davus.”
1343 515 1410 567 (de
1439 527 1553 552 servo
1581 513 1686 566 ultra

148 597 302 648 justum
321 605 478 649 tempus
497 596 791 648 commorante.)
819 596 922 634 Plin.
935 595 1025 633 Lib.
1041 594 1156 631 XIX.
1183 592 1280 642 Cap.
1300 597 1336 629 4.
1368 595 1393 612 “
1407 589 1580 641 Nequam
1600 601 1684 626 esse

153 680 318 710 matrem
332 672 513 718 familias,
528 671 597 709 ubi
612 671 826 721 indiligens
837 677 939 708 esset
947 669 1122 706 hortus.”
1136 667 1160 704 i.
1175 681 1208 704 e.
1223 679 1300 703 non
1317 665 1529 716 diligenter
1543 662 1687 702 cultus.

255 786 290 819 8-
354 775 595 832 Eximunt
619 777 704 835 se.]
758 777 991 818 Extricate
1014 775 1274 831 themselves,

253 900 291 938 9-
354 884 668 952 compediti]
717 890 762 931 F
759 890 931 931 ettered.
966 893 994 930 i.
1015 906 1082 943 qu.
1110 890 1351 943 compedibus
1368 889 1497 927 vincti.
1525 887 1682 940 Captiv.

157 979 243 1023 871.
298 973 385 1011 “In
411 973 645 1025 lapicidinas
665 971 913 1029 >compeditum
947 971 1142 1011 condidi.''
1196 970 1357 1009 Petron.
1389 969 1468 1006 Sat.
1498 967 1594 1019 Cap.
1622 972 1685 1012 39.

156 1055 183 1071 “
199 1049 400 1095 Mulieres,
428 1057 469 1087 et
494 1049 670 1100 fugitivi,
699 1056 739 1087 et
765 1046 997 1100 compediti.”

227 1179 294 1185 —
354 1148 571 1216 Anum.]
641 1156 736 1197 The
755 1156 871 1207 ring.
907 1159 1035 1204 Anus,
1051 1158 1115 1196 vel
1128 1170 1267 1204 annus,
1288 1155 1412 1207 (unde
1426 1153 1614 1204 annulus)
1630 1160 1689 1191 est

155 1237 334 1284 circulus,
361 1246 460 1278 teste
480 1239 593 1277 Varr.
618 1239 706 1277 Lib.
726 1239 775 1277 V.
798 1239 844 1277 L.
857 1239 904 1277 L.
930 1240 1026 1290 Cap.
1044 1244 1080 1277 2.
1135 1237 1254 1275 Unde
1271 1249 1417 1274 nomen
1435 1234 1609 1286 inditum
1628 1240 1689 1271 est

154 1328 280 1353 annuo
315 1315 442 1366 spatio
476 1328 549 1367 per
584 1315 694 1366 quod
724 1314 794 1352 Sol
826 1328 986 1353 cursum
1017 1327 1132 1352 suum
1166 1312 1312 1364 explet,
1343 1318 1383 1350 et
1410 1311 1452 1348 in
1483 1324 1555 1348 sua
1581 1308 1689 1347 redit

156 1388 335 1439 vestigia.
389 1389 444 1427 H.
461 1389 488 1426 l.
528 1388 724 1439 significat
744 1387 926 1439 ferreum
957 1387 1155 1432 circulum,
1194 1399 1365 1437 quorum
1396 1384 1511 1423 binos
1538 1368 1692 1422 liabent

156 1462 324 1513 singulae
342 1463 565 1514 compedes,
594 1470 633 1501 et
650 1462 692 1500 in
720 1476 819 1513 quos
838 1475 954 1500 crura
974 1462 1214 1500 inseruntur.
1245 1460 1386 1498 Sum:
1415 1457 1524 1510 apud
1543 1458 1688 1495 Gnou-

156 1538 343 1576 ’'Anatus
359 1538 572 1590 exponitur
590 1536 896 1589 δακπιλιοφόρος,
925 1536 1194 1584 συμποδισθείς,
1222 1535 1264 1572 in
1283 1534 1436 1572 Glossis
1454 1533 1595 1572 Vett.“

234 1652 294 1686 10·
358 1639 600 1701 Clavom.]
678 1647 772 1688 le‘e
801 1648 924 1688 rivet.
978 1650 1059 1698 Qui
1079 1649 1283 1688 vinculum
1302 1647 1506 1699 compedis
1525 1646 1689 1697 utrique

156 1731 303 1769 annulo
320 1737 426 1768 arcte
445 1729 613 1781 colligat.
667 1730 779 1768 Asin.
801 1735 887 1769 140.
942 1730 1104 1769 “Fixus
1122 1730 1187 1768 hic
1204 1729 1314 1781 apud
1335 1742 1408 1767 nos
1426 1728 1582 1766 animus
1600 1735 1691 1766 tuos

157 1806 264 1844 clavo
287 1813 348 1844 est
377 1804 611 1856 cupidinis.’'
663 1804 723 1857 (Is
745 1805 899 1843 riveted
919 1813 961 1843 to
982 1807 1060 1856 us.)
1115 1805 1336 1850 Translate,
1362 1817 1437 1856 pro
1458 1803 1691 1842 necessitate

158 1880 342 1932 quadam,
363 1879 471 1918 unde
488 1879 663 1929 effugere
679 1887 862 1930 nequeat.
917 1881 1115 1918 Caeterum
1132 1879 1263 1917 clavus
1280 1893 1303 1916 a
1320 1878 1455 1916 claudo
1473 1877 1690 1916 derivatur.

235 1995 294 2028 12.
358 1983 518 2043 Esca]
582 1987 734 2034 Meat,·
767 1987 967 2028 victuale.
1030 1994 1098 2032 Ab
1126 1993 1194 2031 edo
1204 2008 1221 2036 ;
1252 1999 1297 2031 ut
1320 1992 1425 2044 potio
1451 2007 1474 2031 a
1497 1983 1677 2044 potando.

237 2117 298 2150 13.
361 2105 631 2165 Rostrum]
683 2109 774 2150 His
795 2113 942 2150 snout.
995 2113 1202 2151 Translate
1218 2126 1293 2164 pro
1310 2125 1375 2150 ore
1391 2111 1581 2163 positum.
1614 2110 1692 2148 Est

159 2208 183 2232 a
214 2194 304 2232 rodo
314 2207 332 2236 ;
365 2199 412 2231 ut
438 2192 657 2238 claustrum,
691 2206 714 2230 a
745 2192 910 2238 claudo;
950 2196 1133 2237 rastrum,
1160 2206 1184 2229 a
1217 2191 1326 2229 rado.
1380 2192 1403 2205 ’'
1415 2190 1576 2229 Dicitur
1610 2203 1692 2227 non

159 2268 295 2307 avium
312 2268 452 2313 solum,
476 2266 547 2306 sed
563 2266 682 2305 etiam
699 2267 870 2318 piscium
889 2274 930 2305 et
947 2266 1304 2318 quadrupedum:“
1330 2267 1478 2304 LAMB:
1507 2265 1578 2316 qui
1596 2265 1692 2303 citat

160 2344 353 2391 Nonium,
381 2342 451 2380 ubi
467 2340 584 2393 plura
601 2341 782 2392 exempla
798 2340 920 2392 hujus
938 2342 1047 2380 vocis
1065 2341 1107 2379 in
1125 2354 1169 2379 os
1186 2340 1349 2379 hominis
1365 2339 1577 2378 translatae.

174 2468 179 2473 ·
233 2478 300 2485 —
317 2451 319 2453 ¹
359 2445 598 2510 Defigesi]
638 2448 738 2490 ‘Pin
760 2450 915 2497 down,⁴
939 2449 1108 2505 fasten.
1158 2455 1223 2493 De
1246 2462 1287 2494 et
1314 2454 1403 2506 ligo.
1454 2455 1572 2494 Curc.
1600 2453 1692 2494 688.

163 2533 423 2600 “Deligatum⁸
439 2539 480 2572 te
495 2531 615 2570 hodie
631 2531 774 2570 faciam
792 2543 885 2570 cum
902 2532 1043 2571 catello
1060 2539 1106 2572 ut
1123 2534 1328 2572 accubes.”
1356 2533 1439 2585 (alii
1459 2531 1692 2586 delicatum.)

239 2651 300 2684 14.
322 2707 326 2710 q
361 2621 524 2699 Edit]
588 2646 699 2686 Vett.
715 2660 792 2699 pro
809 2648 905 2686 edat.
951 2648 1051 2687 Hor.
1071 2648 1155 2687 Sat.
1174 2650 1231 2687 11.
1248 2662 1347 2687 vlu.
1366 2655 1429 2695 90.
1467 2649 1639 2696 “Quam
1658 2649 1691 2688 si

163 2738 256 2766 cum
276 2724 424 2765 lumbis
447 2726 537 2778 quis
559 2722 672 2765 edit?
725 2726 854 2779 Epod.
875 2727 953 2765 ΙΙΙ.
972 2733 1009 2767 3.
1065 2734 1091 2750 “
1105 2727 1199 2766 Edit
1223 2729 1364 2768 cicutis
1386 2728 1525 2768 allium
1545 2742 1691 2769 nocen-

163 2803 277 2841 tius.''
331 2801 460 2841 Plaut.
492 2802 604 2853 Capt-
632 2807 720 2848 391.
774 2801 893 2849 “Qui
925 2802 1016 2853 ipsi,
1045 2802 1154 2854 quod
1180 2803 1269 2851 edit,
1301 2803 1480 2855 quaerit.”
1532 2804 1691 2844 Poenul.
