<?xml version="1.0" encoding="UTF-8"?>
<!DOCTYPE html PUBLIC "-//W3C//DTD XHTML 1.0 Transitional//EN"
    "http://www.w3.org/TR/xhtml1/DTD/xhtml1-transitional.dtd">
<html xmlns="http://www.w3.org/1999/xhtml" xml:lang="en" lang="en">
 <head>
  <title>
</title>
<meta http-equiv="Content-Type" content="text/html;charset=utf-8" />
  <meta name='ocr-system' content='tesseract 3.04.00' />
  <meta name='ocr-capabilities' content='ocr_page ocr_carea ocr_par ocr_line ocrx_word'/>
</head>
<body>
  <div class='ocr_page' id='page_1' title='image "./captivitrinummus00plauuoft_0331.png"; bbox 0 0 1864 3152; ppageno 0'>
   <div class='ocr_carea' id='block_1_1' title="bbox 647 240 1676 287">
    <p class='ocr_par' dir='ltr' id='par_1_1' title="bbox 647 240 1676 287">
     <span class='ocr_line' id='line_1_1' title="bbox 647 240 1676 287; baseline -0.005 0"><span class='ocrx_word' id='word_1_1' title='bbox 647 246 715 287; x_wconf 91' lang='lat' dir='ltr'>IN</span> <span class='ocrx_word' id='word_1_2' title='bbox 749 243 1187 287; x_wconf 84' lang='lat' dir='ltr'>MENAECHMOS.</span> <span class='ocrx_word' id='word_1_3' title='bbox 1589 240 1676 282; x_wconf 83' lang='lat'>183</span> 
     </span>
    </p>
   </div>
   <div class='ocr_carea' id='block_1_2' title="bbox 225 378 1032 437">
    <p class='ocr_par' dir='ltr' id='par_1_2' title="bbox 225 378 1032 437">
     <span class='ocr_line' id='line_1_2' title="bbox 225 378 1032 437; baseline -0.002 -13"><span class='ocrx_word' id='word_1_4' title='bbox 225 385 311 424; x_wconf 77' lang='lat'><strong>406.</strong></span> <span class='ocrx_word' id='word_1_5' title='bbox 377 378 516 435; x_wconf 87' lang='lat' dir='ltr'>Quod</span> <span class='ocrx_word' id='word_1_6' title='bbox 548 379 728 436; x_wconf 72' lang='lat' dir='ltr'>sciam]</span> <span class='ocrx_word' id='word_1_7' title='bbox 785 386 916 437; x_wconf 82' lang='lat' dir='ltr'>Supra</span> <span class='ocrx_word' id='word_1_8' title='bbox 942 391 1032 424; x_wconf 79' lang='grc'><strong>212.</strong></span> 
     </span>
    </p>
   </div>
   <div class='ocr_carea' id='block_1_3' title="bbox 148 488 1684 848">
    <p class='ocr_par' dir='ltr' id='par_1_3' title="bbox 148 488 1684 848">
     <span class='ocr_line' id='line_1_3' title="bbox 225 488 1679 550; baseline -0.006 -14"><span class='ocrx_word' id='word_1_9' title='bbox 225 503 313 536; x_wconf 81' lang='lat'><strong>413.</strong></span> <span class='ocrx_word' id='word_1_10' title='bbox 377 490 546 540; x_wconf 82' lang='lat' dir='ltr'>Occisa</span> <span class='ocrx_word' id='word_1_11' title='bbox 573 500 644 540; x_wconf 85' lang='lat' dir='ltr'>est</span> <span class='ocrx_word' id='word_1_12' title='bbox 663 489 762 539; x_wconf 81' lang='lat' dir='ltr'>haec</span> <span class='ocrx_word' id='word_1_13' title='bbox 781 509 853 539; x_wconf 90' lang='lat' dir='ltr'>res</span> <span class='ocrx_word' id='word_1_14' title='bbox 871 488 909 550; x_wconf 91' lang='lat'>!]</span> <span class='ocrx_word' id='word_1_15' title='bbox 949 494 996 535; x_wconf 83' lang='lat' dir='ltr'>It</span> <span class='ocrx_word' id='word_1_16' title='bbox 1015 494 1055 534; x_wconf 78' lang='lat' dir='ltr'>is</span> <span class='ocrx_word' id='word_1_17' title='bbox 1076 492 1138 534; x_wconf 77' lang='lat' dir='ltr'>all</span> <span class='ocrx_word' id='word_1_18' title='bbox 1156 503 1255 532; x_wconf 77' lang='lat' dir='ltr'>over</span> <span class='ocrx_word' id='word_1_19' title='bbox 1274 489 1381 530; x_wconf 76' lang='lat' dir='ltr'>with</span> <span class='ocrx_word' id='word_1_20' title='bbox 1401 488 1489 529; x_wconf 71' lang='lat' dir='ltr'>this</span> <span class='ocrx_word' id='word_1_21' title='bbox 1509 490 1679 528; x_wconf 83' lang='lat' dir='ltr'>matter.</span> 
     </span>
     <span class='ocr_line' id='line_1_4' title="bbox 148 563 1682 623; baseline -0.007 -11"><span class='ocrx_word' id='word_1_22' title='bbox 148 575 449 614; x_wconf 80' lang='lat' dir='ltr'>conclamatum</span> <span class='ocrx_word' id='word_1_23' title='bbox 480 582 551 613; x_wconf 85' lang='lat' dir='ltr'>est.</span> <span class='ocrx_word' id='word_1_24' title='bbox 619 574 784 612; x_wconf 88' lang='lat' dir='ltr'>Dictum</span> <span class='ocrx_word' id='word_1_25' title='bbox 820 573 870 611; x_wconf 90' lang='lat' dir='ltr'>de</span> <span class='ocrx_word' id='word_1_26' title='bbox 906 586 948 611; x_wconf 90' lang='lat' dir='ltr'>re</span> <span class='ocrx_word' id='word_1_27' title='bbox 983 584 1145 623; x_wconf 88' lang='lat' dir='ltr'>prorsus</span> <span class='ocrx_word' id='word_1_28' title='bbox 1180 569 1398 620; x_wconf 85' lang='lat' dir='ltr'>desperata.</span> <span class='ocrx_word' id='word_1_29' title='bbox 1451 565 1570 617; x_wconf 86' lang='lat' dir='ltr'>Capt.</span> <span class='ocrx_word' id='word_1_30' title='bbox 1595 563 1682 603; x_wconf 78' lang='lat'><strong>466.</strong></span> 
     </span>
     <span class='ocr_line' id='line_1_5' title="bbox 151 638 1681 698; baseline -0.008 -11"><span class='ocrx_word' id='word_1_31' title='bbox 151 653 179 670; x_wconf 90' lang='lat'><em>“</em></span> <span class='ocrx_word' id='word_1_32' title='bbox 195 648 330 687; x_wconf 82' lang='lat' dir='ltr'>Occisa</span> <span class='ocrx_word' id='word_1_33' title='bbox 361 653 414 686; x_wconf 79' lang='lat' dir='ltr'>est</span> <span class='ocrx_word' id='word_1_34' title='bbox 447 648 525 686; x_wconf 73' lang='lat' dir='ltr'>lnoec</span> <span class='ocrx_word' id='word_1_35' title='bbox 555 660 628 692; x_wconf 76' lang='lat' dir='ltr'>reS,</span> <span class='ocrx_word' id='word_1_36' title='bbox 660 647 737 684; x_wconf 89' lang='lat' dir='ltr'>nisi</span> <span class='ocrx_word' id='word_1_37' title='bbox 768 646 924 698; x_wconf 87' lang='lat' dir='ltr'>reperio</span> <span class='ocrx_word' id='word_1_38' title='bbox 954 645 1128 696; x_wconf 82' lang='lat' dir='ltr'>aliquam</span> <span class='ocrx_word' id='word_1_39' title='bbox 1155 642 1373 681; x_wconf 81' lang='lat' dir='ltr'>astutiam.&#39;&#39;</span> <span class='ocrx_word' id='word_1_40' title='bbox 1429 639 1569 678; x_wconf 84' lang='lat' dir='ltr'><strong>Pseud.</strong></span> <span class='ocrx_word' id='word_1_41' title='bbox 1593 638 1681 678; x_wconf 81' lang='lat'><strong>416.</strong></span> 
     </span>
     <span class='ocr_line' id='line_1_6' title="bbox 154 712 1682 770; baseline -0.007 -9"><span class='ocrx_word' id='word_1_42' title='bbox 154 726 180 744; x_wconf 93' lang='lat'><strong><em>“</em></strong></span> <span class='ocrx_word' id='word_1_43' title='bbox 196 722 332 760; x_wconf 75' lang='lat' dir='ltr'>Occisa</span> <span class='ocrx_word' id='word_1_44' title='bbox 351 728 404 760; x_wconf 81' lang='lat' dir='ltr'>est</span> <span class='ocrx_word' id='word_1_45' title='bbox 427 722 507 759; x_wconf 80' lang='lat' dir='ltr'>hoec</span> <span class='ocrx_word' id='word_1_46' title='bbox 530 734 590 758; x_wconf 84' lang='lat' dir='ltr'>res</span> <span class='ocrx_word' id='word_1_47' title='bbox 601 734 619 763; x_wconf 85' lang='lat'>,·</span> <span class='ocrx_word' id='word_1_48' title='bbox 648 721 773 758; x_wconf 87' lang='lat' dir='ltr'>haeret</span> <span class='ocrx_word' id='word_1_49' title='bbox 790 720 866 758; x_wconf 90' lang='lat' dir='ltr'>hoc</span> <span class='ocrx_word' id='word_1_50' title='bbox 884 718 1126 770; x_wconf 88' lang='lat' dir='ltr'>negotium.”</span> <span class='ocrx_word' id='word_1_51' title='bbox 1147 719 1217 755; x_wconf 85' lang='lat' dir='ltr'>&amp;c.</span> <span class='ocrx_word' id='word_1_52' title='bbox 1273 714 1408 753; x_wconf 86' lang='lat' dir='ltr'>Simile</span> <span class='ocrx_word' id='word_1_53' title='bbox 1427 720 1499 759; x_wconf 88' lang='lat' dir='ltr'>est,</span> <span class='ocrx_word' id='word_1_54' title='bbox 1522 712 1682 751; x_wconf 79' lang='lat' dir='ltr'>“Periit</span> 
     </span>
     <span class='ocr_line' id='line_1_7' title="bbox 154 787 1684 848; baseline -0.007 -13"><span class='ocrx_word' id='word_1_55' title='bbox 154 796 223 835; x_wconf 76' lang='lat' dir='ltr'>hoc</span> <span class='ocrx_word' id='word_1_56' title='bbox 241 797 423 848; x_wconf 80' lang='lat' dir='ltr'>negotium</span> <span class='ocrx_word' id='word_1_57' title='bbox 434 797 474 834; x_wconf 90' lang='lat'>!&#39;&#39;</span> <span class='ocrx_word' id='word_1_58' title='bbox 501 802 553 840; x_wconf 91' lang='lat' dir='ltr'>et,</span> <span class='ocrx_word' id='word_1_59' title='bbox 574 795 665 833; x_wconf 88' lang='lat' dir='ltr'><strong>Ter.</strong></span> <span class='ocrx_word' id='word_1_60' title='bbox 683 794 830 832; x_wconf 87' lang='lat' dir='ltr'>Heaut.</span> <span class='ocrx_word' id='word_1_61' title='bbox 842 793 923 831; x_wconf 93' lang='lat'>111.</span> <span class='ocrx_word' id='word_1_62' title='bbox 944 805 1011 830; x_wconf 90' lang='lat'>111.</span> <span class='ocrx_word' id='word_1_63' title='bbox 1031 797 1066 831; x_wconf 82' lang='lat'>3.</span> <span class='ocrx_word' id='word_1_64' title='bbox 1113 790 1241 828; x_wconf 82' lang='lat' dir='ltr'>“Acta</span> <span class='ocrx_word' id='word_1_65' title='bbox 1256 789 1336 827; x_wconf 82' lang='lat' dir='ltr'>hoec</span> <span class='ocrx_word' id='word_1_66' title='bbox 1354 802 1416 826; x_wconf 77' lang='lat' dir='ltr'>res</span> <span class='ocrx_word' id='word_1_67' title='bbox 1434 793 1513 826; x_wconf 72' lang='lat' dir='ltr'>est.-</span> <span class='ocrx_word' id='word_1_68' title='bbox 1534 787 1636 839; x_wconf 89' lang='lat' dir='ltr'>perii</span> <span class='ocrx_word' id='word_1_69' title='bbox 1650 789 1684 825; x_wconf 88' lang='lat'>!&#39;’</span> 
     </span>
    </p>
   </div>
   <div class='ocr_carea' id='block_1_4' title="bbox 227 894 1684 1291">
    <p class='ocr_par' dir='ltr' id='par_1_4' title="bbox 227 894 1483 954">
     <span class='ocr_line' id='line_1_8' title="bbox 227 894 1483 954; baseline -0.003 -15"><span class='ocrx_word' id='word_1_70' title='bbox 227 906 317 940; x_wconf 80' lang='grc'><strong>421.</strong></span> <span class='ocrx_word' id='word_1_71' title='bbox 379 894 662 954; x_wconf 85' lang='lat' dir='ltr'>Recident.]</span> <span class='ocrx_word' id='word_1_72' title='bbox 730 898 902 943; x_wconf 67' lang='lat' dir='ltr'>Remu,-</span> <span class='ocrx_word' id='word_1_73' title='bbox 927 896 1021 951; x_wconf 80' lang='lat' dir='ltr'><em>fall</em></span> <span class='ocrx_word' id='word_1_74' title='bbox 1050 895 1169 935; x_wconf 76' lang='lat' dir='ltr'>baclo.</span> <span class='ocrx_word' id='word_1_75' title='bbox 1226 898 1287 936; x_wconf 88' lang='lat' dir='ltr'>Re</span> <span class='ocrx_word' id='word_1_76' title='bbox 1312 905 1354 936; x_wconf 85' lang='lat' dir='ltr'>et</span> <span class='ocrx_word' id='word_1_77' title='bbox 1378 897 1483 935; x_wconf 84' lang='lat' dir='ltr'>cado.</span> 
     </span>
    </p>

    <p class='ocr_par' dir='ltr' id='par_1_5' title="bbox 227 1005 1684 1184">
     <span class='ocr_line' id='line_1_9' title="bbox 227 1005 1684 1070; baseline -0.002 -20"><span class='ocrx_word' id='word_1_78' title='bbox 227 1018 316 1051; x_wconf 77' lang='lat'>423.</span> <span class='ocrx_word' id='word_1_79' title='bbox 378 1006 517 1063; x_wconf 83' lang='lat' dir='ltr'>Quid</span> <span class='ocrx_word' id='word_1_80' title='bbox 531 1005 619 1053; x_wconf 89' lang='lat' dir='ltr'>hoc</span> <span class='ocrx_word' id='word_1_81' title='bbox 634 1007 815 1070; x_wconf 86' lang='lat' dir='ltr'>negotii</span> <span class='ocrx_word' id='word_1_82' title='bbox 827 1005 874 1066; x_wconf 70' lang='grc' dir='ltr'>Ρ]</span> <span class='ocrx_word' id='word_1_83' title='bbox 910 1013 1098 1052; x_wconf 86' lang='lat' dir='ltr'>Formula</span> <span class='ocrx_word' id='word_1_84' title='bbox 1107 1011 1350 1050; x_wconf 82' lang='lat' dir='ltr'>admirantis.</span> <span class='ocrx_word' id='word_1_85' title='bbox 1370 1011 1481 1049; x_wconf 88' lang='lat' dir='ltr'>Infra</span> <span class='ocrx_word' id='word_1_86' title='bbox 1494 1016 1580 1050; x_wconf 87' lang='lat'><strong>508.</strong></span> <span class='ocrx_word' id='word_1_87' title='bbox 1596 1017 1684 1050; x_wconf 90' lang='lat'><strong>511.</strong></span> 
     </span>
     <span class='ocr_line' id='line_1_10' title="bbox 227 1119 1213 1184; baseline -0.003 -16"><span class='ocrx_word' id='word_1_88' title='bbox 227 1131 317 1164; x_wconf 82' lang='lat'><strong>424.</strong></span> <span class='ocrx_word' id='word_1_89' title='bbox 382 1120 667 1184; x_wconf 84' lang='lat' dir='ltr'>Concrepuit</span> <span class='ocrx_word' id='word_1_90' title='bbox 690 1119 901 1176; x_wconf 70' lang='lat' dir='ltr'>ostium]</span> <span class='ocrx_word' id='word_1_91' title='bbox 966 1127 1098 1179; x_wconf 85' lang='lat' dir='ltr'>Supra</span> <span class='ocrx_word' id='word_1_92' title='bbox 1125 1127 1213 1166; x_wconf 87' lang='grc'><strong>262.</strong></span> 
     </span>
    </p>

    <p class='ocr_par' dir='ltr' id='par_1_6' title="bbox 230 1231 1527 1291">
     <span class='ocr_line' id='line_1_11' title="bbox 230 1231 1527 1291; baseline -0.002 -15"><span class='ocrx_word' id='word_1_93' title='bbox 230 1244 319 1277; x_wconf 82' lang='grc'><strong>425.</strong></span> <span class='ocrx_word' id='word_1_94' title='bbox 383 1231 560 1279; x_wconf 84' lang='lat' dir='ltr'>Amare</span> <span class='ocrx_word' id='word_1_95' title='bbox 583 1234 668 1291; x_wconf 87' lang='lat' dir='ltr'>te.]</span> <span class='ocrx_word' id='word_1_96' title='bbox 726 1234 841 1287; x_wconf 79' lang='lat' dir='ltr'>Begs</span> <span class='ocrx_word' id='word_1_97' title='bbox 862 1248 959 1288; x_wconf 81' lang='lat' dir='ltr'>you.</span> <span class='ocrx_word' id='word_1_98' title='bbox 1020 1239 1149 1290; x_wconf 82' lang='lat' dir='ltr'>Supra</span> <span class='ocrx_word' id='word_1_99' title='bbox 1167 1244 1256 1283; x_wconf 77' lang='lat'>291-</span> <span class='ocrx_word' id='word_1_100' title='bbox 1310 1237 1420 1274; x_wconf 87' lang='lat' dir='ltr'>Infra</span> <span class='ocrx_word' id='word_1_101' title='bbox 1438 1241 1527 1274; x_wconf 82' lang='lat'>441.</span> 
     </span>
    </p>
   </div>
   <div class='ocr_carea' id='block_1_5' title="bbox 159 1340 1690 1481">
    <p class='ocr_par' dir='ltr' id='par_1_7' title="bbox 159 1340 1690 1481">
     <span class='ocr_line' id='line_1_12' title="bbox 233 1340 1690 1405; baseline -0.005 -14"><span class='ocrx_word' id='word_1_102' title='bbox 233 1347 321 1386; x_wconf 80' lang='lat'>426·</span> <span class='ocrx_word' id='word_1_103' title='bbox 385 1341 503 1390; x_wconf 85' lang='lat' dir='ltr'>Una</span> <span class='ocrx_word' id='word_1_104' title='bbox 529 1340 704 1405; x_wconf 82' lang='lat' dir='ltr'>opera.]</span> <span class='ocrx_word' id='word_1_105' title='bbox 756 1346 826 1399; x_wconf 84' lang='lat' dir='ltr'>By</span> <span class='ocrx_word' id='word_1_106' title='bbox 845 1358 941 1394; x_wconf 82' lang='lat' dir='ltr'>one,</span> <span class='ocrx_word' id='word_1_107' title='bbox 974 1345 1065 1385; x_wconf 79' lang='lat' dir='ltr'>and</span> <span class='ocrx_word' id='word_1_108' title='bbox 1087 1345 1159 1385; x_wconf 75' lang='lat' dir='ltr'>the</span> <span class='ocrx_word' id='word_1_109' title='bbox 1179 1357 1312 1392; x_wconf 80' lang='lat' dir='ltr'>same,</span> <span class='ocrx_word' id='word_1_110' title='bbox 1344 1342 1522 1383; x_wconf 83' lang='lat' dir='ltr'>trouble.</span> <span class='ocrx_word' id='word_1_111' title='bbox 1580 1346 1690 1384; x_wconf 87' lang='lat' dir='ltr'>Infra</span> 
     </span>
     <span class='ocr_line' id='line_1_13' title="bbox 159 1425 1610 1481; baseline -0.004 -12"><span class='ocrx_word' id='word_1_112' title='bbox 159 1429 252 1476; x_wconf 83' lang='lat'><strong>696.</strong></span> <span class='ocrx_word' id='word_1_113' title='bbox 304 1429 391 1468; x_wconf 86' lang='lat' dir='ltr'>Cas.</span> <span class='ocrx_word' id='word_1_114' title='bbox 415 1434 504 1468; x_wconf 80' lang='grc'><strong>200.</strong></span> <span class='ocrx_word' id='word_1_115' title='bbox 560 1435 586 1451; x_wconf 86' lang='grc'><strong>“</strong></span> <span class='ocrx_word' id='word_1_116' title='bbox 602 1428 689 1466; x_wconf 86' lang='lat' dir='ltr'>Una</span> <span class='ocrx_word' id='word_1_117' title='bbox 715 1441 831 1481; x_wconf 86' lang='lat' dir='ltr'>opera</span> <span class='ocrx_word' id='word_1_118' title='bbox 857 1429 900 1466; x_wconf 89' lang='lat' dir='ltr'>in</span> <span class='ocrx_word' id='word_1_119' title='bbox 926 1429 1090 1466; x_wconf 88' lang='lat' dir='ltr'>furnum</span> <span class='ocrx_word' id='word_1_120' title='bbox 1117 1427 1289 1466; x_wconf 86' lang='lat' dir='ltr'>calidum</span> <span class='ocrx_word' id='word_1_121' title='bbox 1317 1425 1511 1465; x_wconf 89' lang='lat' dir='ltr'>condito.”</span> <span class='ocrx_word' id='word_1_122' title='bbox 1539 1426 1610 1463; x_wconf 75' lang='lat' dir='ltr'>&amp;c-</span> 
     </span>
    </p>
   </div>
   <div class='ocr_carea' id='block_1_6' title="bbox 245 1533 1691 1593">
    <p class='ocr_par' dir='ltr' id='par_1_8' title="bbox 245 1533 1691 1593">
     <span class='ocr_line' id='line_1_14' title="bbox 245 1533 1691 1593; baseline -0.005 -11"><span class='ocrx_word' id='word_1_123' title='bbox 245 1562 311 1569; x_wconf 93' lang='lat'>—</span> <span class='ocrx_word' id='word_1_124' title='bbox 380 1533 468 1581; x_wconf 86' lang='lat' dir='ltr'>Ad</span> <span class='ocrx_word' id='word_1_125' title='bbox 492 1534 766 1593; x_wconf 66' lang='lat' dir='ltr'>aurificem]</span> <span class='ocrx_word' id='word_1_126' title='bbox 835 1537 902 1578; x_wconf 91' lang='lat' dir='ltr'>To</span> <span class='ocrx_word' id='word_1_127' title='bbox 929 1538 999 1578; x_wconf 76' lang='lat' dir='ltr'>the</span> <span class='ocrx_word' id='word_1_128' title='bbox 1016 1535 1296 1589; x_wconf 72' lang='lat' dir='ltr'>goldsmith’s.</span> <span class='ocrx_word' id='word_1_129' title='bbox 1362 1539 1464 1577; x_wconf 88' lang='lat' dir='ltr'>Vide</span> <span class='ocrx_word' id='word_1_130' title='bbox 1482 1539 1525 1576; x_wconf 90' lang='lat' dir='ltr'>in</span> <span class='ocrx_word' id='word_1_131' title='bbox 1542 1553 1581 1577; x_wconf 86' lang='lat' dir='ltr'>v.</span> <span class='ocrx_word' id='word_1_132' title='bbox 1601 1544 1691 1578; x_wconf 84' lang='grc'><strong>332.</strong></span> 
     </span>
    </p>
   </div>
   <div class='ocr_carea' id='block_1_7' title="bbox 235 1643 1693 1705">
    <p class='ocr_par' dir='ltr' id='par_1_9' title="bbox 235 1643 1693 1705">
     <span class='ocr_line' id='line_1_15' title="bbox 235 1643 1693 1705; baseline -0.001 -15"><span class='ocrx_word' id='word_1_133' title='bbox 235 1658 323 1695; x_wconf 77' lang='grc'><strong>427.</strong></span> <span class='ocrx_word' id='word_1_134' title='bbox 387 1643 596 1705; x_wconf 66' lang='lat' dir='ltr'>pondo]</span> <span class='ocrx_word' id='word_1_135' title='bbox 645 1649 704 1689; x_wconf 84' lang='lat' dir='ltr'>In</span> <span class='ocrx_word' id='word_1_136' title='bbox 727 1649 897 1702; x_wconf 75' lang='lat' dir='ltr'>weiglzt.</span> <span class='ocrx_word' id='word_1_137' title='bbox 939 1654 962 1668; x_wconf 78' lang='lat'>&#39;³</span> <span class='ocrx_word' id='word_1_138' title='bbox 975 1653 1126 1691; x_wconf 91' lang='lat' dir='ltr'>Indecl.</span> <span class='ocrx_word' id='word_1_139' title='bbox 1147 1653 1270 1691; x_wconf 87' lang='lat' dir='ltr'>subst.</span> <span class='ocrx_word' id='word_1_140' title='bbox 1286 1651 1460 1690; x_wconf 88' lang='lat' dir='ltr'>Videtur</span> <span class='ocrx_word' id='word_1_141' title='bbox 1474 1665 1558 1690; x_wconf 89' lang='lat' dir='ltr'>esse</span> <span class='ocrx_word' id='word_1_142' title='bbox 1576 1651 1693 1689; x_wconf 82' lang='lat' dir='ltr'>ablat.</span> 
     </span>
    </p>
   </div>
   <div class='ocr_carea' id='block_1_8' title="bbox 159 1730 1694 1859">
    <p class='ocr_par' dir='ltr' id='par_1_10' title="bbox 159 1730 1694 1859">
     <span class='ocr_line' id='line_1_16' title="bbox 160 1730 1693 1784; baseline -0.003 -13"><span class='ocrx_word' id='word_1_143' title='bbox 160 1734 211 1771; x_wconf 88' lang='lat' dir='ltr'>ab</span> <span class='ocrx_word' id='word_1_144' title='bbox 229 1732 405 1771; x_wconf 77' lang='lat' dir='ltr'>obsoleto</span> <span class='ocrx_word' id='word_1_145' title='bbox 418 1731 580 1784; x_wconf 75' lang='lat' dir='ltr'>pondus,</span> <span class='ocrx_word' id='word_1_146' title='bbox 602 1731 771 1783; x_wconf 82' lang='lat' dir='ltr'>pondi:“</span> <span class='ocrx_word' id='word_1_147' title='bbox 798 1731 925 1769; x_wconf 58' lang='lat' dir='ltr'>Face.</span> <span class='ocrx_word' id='word_1_148' title='bbox 952 1730 1058 1769; x_wconf 91' lang='lat' dir='ltr'>Rud.</span> <span class='ocrx_word' id='word_1_149' title='bbox 1079 1731 1166 1770; x_wconf 89' lang='lat'><strong>816.</strong></span> <span class='ocrx_word' id='word_1_150' title='bbox 1196 1736 1222 1752; x_wconf 89' lang='lat'><strong>“</strong></span> <span class='ocrx_word' id='word_1_151' title='bbox 1235 1731 1377 1782; x_wconf 82' lang='lat' dir='ltr'>Neque</span> <span class='ocrx_word' id='word_1_152' title='bbox 1396 1730 1517 1767; x_wconf 86' lang='lat' dir='ltr'>ullam</span> <span class='ocrx_word' id='word_1_153' title='bbox 1535 1730 1693 1768; x_wconf 86' lang='lat' dir='ltr'>unciam</span> 
     </span>
     <span class='ocr_line' id='line_1_17' title="bbox 159 1804 1694 1859; baseline -0.002 -14"><span class='ocrx_word' id='word_1_154' title='bbox 159 1808 284 1859; x_wconf 81' lang='lat' dir='ltr'>pondo</span> <span class='ocrx_word' id='word_1_155' title='bbox 301 1807 424 1858; x_wconf 89' lang='lat' dir='ltr'>cepi.’&#39;</span> <span class='ocrx_word' id='word_1_156' title='bbox 471 1806 590 1844; x_wconf 89' lang='lat' dir='ltr'>Truc.</span> <span class='ocrx_word' id='word_1_157' title='bbox 610 1811 698 1849; x_wconf 87' lang='grc'><strong>874.</strong></span> <span class='ocrx_word' id='word_1_158' title='bbox 736 1810 761 1826; x_wconf 86' lang='grc'><strong>“</strong></span> <span class='ocrx_word' id='word_1_159' title='bbox 776 1806 873 1843; x_wconf 90' lang='lat' dir='ltr'>Plus</span> <span class='ocrx_word' id='word_1_160' title='bbox 892 1805 1029 1844; x_wconf 87' lang='lat' dir='ltr'>decem</span> <span class='ocrx_word' id='word_1_161' title='bbox 1042 1805 1169 1857; x_wconf 85' lang='lat' dir='ltr'>pondo</span> <span class='ocrx_word' id='word_1_162' title='bbox 1186 1806 1307 1842; x_wconf 85' lang='lat' dir='ltr'>auri.”</span> <span class='ocrx_word' id='word_1_163' title='bbox 1352 1804 1494 1843; x_wconf 89' lang='lat' dir='ltr'>Pseud.</span> <span class='ocrx_word' id='word_1_164' title='bbox 1516 1810 1603 1847; x_wconf 89' lang='grc'><strong>817.</strong></span> <span class='ocrx_word' id='word_1_165' title='bbox 1622 1806 1694 1842; x_wconf 88' lang='lat' dir='ltr'>&amp;c.</span> 
     </span>
    </p>
   </div>
   <div class='ocr_carea' id='block_1_9' title="bbox 250 1904 1493 1966">
    <p class='ocr_par' dir='ltr' id='par_1_11' title="bbox 250 1904 1493 1966">
     <span class='ocr_line' id='line_1_18' title="bbox 250 1904 1493 1966; baseline -0.003 -11"><span class='ocrx_word' id='word_1_166' title='bbox 250 1939 317 1946; x_wconf 91' lang='lat'>—</span> <span class='ocrx_word' id='word_1_167' title='bbox 390 1904 642 1966; x_wconf 66' lang='lat' dir='ltr'>Unciam]</span> <span class='ocrx_word' id='word_1_168' title='bbox 696 1910 768 1951; x_wconf 77' lang='lat' dir='ltr'>An</span> <span class='ocrx_word' id='word_1_169' title='bbox 791 1924 940 1951; x_wconf 82' lang='lat' dir='ltr'>ounce.</span> <span class='ocrx_word' id='word_1_170' title='bbox 993 1914 1241 1952; x_wconf 89' lang='lat' dir='ltr'>Duodecima</span> <span class='ocrx_word' id='word_1_171' title='bbox 1266 1927 1359 1964; x_wconf 85' lang='lat' dir='ltr'>pars</span> <span class='ocrx_word' id='word_1_172' title='bbox 1386 1913 1493 1951; x_wconf 87' lang='lat' dir='ltr'>assis.</span> 
     </span>
    </p>
   </div>
   <div class='ocr_carea' id='block_1_10' title="bbox 165 2018 1697 2307">
    <p class='ocr_par' dir='ltr' id='par_1_12' title="bbox 165 2018 1697 2307">
     <span class='ocr_line' id='line_1_19' title="bbox 238 2018 1695 2084; baseline 0 -20"><span class='ocrx_word' id='word_1_173' title='bbox 238 2032 327 2065; x_wconf 74' lang='lat'><strong>428.</strong></span> <span class='ocrx_word' id='word_1_174' title='bbox 392 2018 659 2084; x_wconf 69' lang='lat' dir='ltr'>Spinther]</span> <span class='ocrx_word' id='word_1_175' title='bbox 717 2024 753 2064; x_wconf 86' lang='lat' dir='ltr'><em>A</em></span> <span class='ocrx_word' id='word_1_176' title='bbox 778 2025 921 2078; x_wconf 80' lang='lat' dir='ltr'><em>Cla8p;</em></span> <span class='ocrx_word' id='word_1_177' title='bbox 957 2029 1088 2078; x_wconf 84' lang='lat' dir='ltr'>(worn</span> <span class='ocrx_word' id='word_1_178' title='bbox 1106 2042 1158 2066; x_wconf 90' lang='lat' dir='ltr'>on</span> <span class='ocrx_word' id='word_1_179' title='bbox 1181 2029 1249 2067; x_wconf 89' lang='lat' dir='ltr'>the</span> <span class='ocrx_word' id='word_1_180' title='bbox 1267 2036 1338 2080; x_wconf 89' lang='lat' dir='ltr'>top</span> <span class='ocrx_word' id='word_1_181' title='bbox 1357 2028 1405 2066; x_wconf 86' lang='lat' dir='ltr'>of</span> <span class='ocrx_word' id='word_1_182' title='bbox 1421 2028 1490 2065; x_wconf 87' lang='lat' dir='ltr'>the</span> <span class='ocrx_word' id='word_1_183' title='bbox 1507 2027 1582 2065; x_wconf 84' lang='lat' dir='ltr'>left</span> <span class='ocrx_word' id='word_1_184' title='bbox 1598 2040 1695 2073; x_wconf 87' lang='lat' dir='ltr'>arm,</span> 
     </span>
     <span class='ocr_line' id='line_1_20' title="bbox 165 2106 1695 2160; baseline -0.003 -13"><span class='ocrx_word' id='word_1_185' title='bbox 165 2110 220 2160; x_wconf 89' lang='lat' dir='ltr'>by</span> <span class='ocrx_word' id='word_1_186' title='bbox 240 2121 394 2146; x_wconf 83' lang='lat' dir='ltr'>women</span> <span class='ocrx_word' id='word_1_187' title='bbox 417 2108 541 2158; x_wconf 82' lang='lat' dir='ltr'><strong>only.)</strong></span> <span class='ocrx_word' id='word_1_188' title='bbox 596 2107 740 2145; x_wconf 88' lang='lat' dir='ltr'>Paulus</span> <span class='ocrx_word' id='word_1_189' title='bbox 758 2107 800 2144; x_wconf 91' lang='lat' dir='ltr'>in</span> <span class='ocrx_word' id='word_1_190' title='bbox 820 2108 996 2153; x_wconf 88' lang='lat' dir='ltr'>Festum,</span> <span class='ocrx_word' id='word_1_191' title='bbox 1025 2110 1046 2122; x_wconf 90' lang='lat'>’&#39;</span> <span class='ocrx_word' id='word_1_192' title='bbox 1060 2108 1242 2160; x_wconf 79' lang='lat' dir='ltr'>Spinther</span> <span class='ocrx_word' id='word_1_193' title='bbox 1265 2114 1349 2146; x_wconf 89' lang='lat' dir='ltr'>erat</span> <span class='ocrx_word' id='word_1_194' title='bbox 1372 2106 1536 2145; x_wconf 89' lang='lat' dir='ltr'>armillae</span> <span class='ocrx_word' id='word_1_195' title='bbox 1553 2119 1695 2156; x_wconf 88' lang='lat' dir='ltr'>genus,</span> 
     </span>
     <span class='ocr_line' id='line_1_21' title="bbox 167 2180 1697 2234; baseline -0.003 -13"><span class='ocrx_word' id='word_1_196' title='bbox 167 2196 248 2234; x_wconf 91' lang='lat' dir='ltr'>quo</span> <span class='ocrx_word' id='word_1_197' title='bbox 273 2182 457 2221; x_wconf 87' lang='lat' dir='ltr'>mulieres</span> <span class='ocrx_word' id='word_1_198' title='bbox 475 2183 689 2220; x_wconf 85' lang='lat' dir='ltr'>utebantur</span> <span class='ocrx_word' id='word_1_199' title='bbox 707 2181 860 2220; x_wconf 80' lang='lat' dir='ltr'>brachio</span> <span class='ocrx_word' id='word_1_200' title='bbox 883 2196 1023 2221; x_wconf 80' lang='lat' dir='ltr'>summo</span> <span class='ocrx_word' id='word_1_201' title='bbox 1038 2182 1236 2220; x_wconf 75' lang='lat' dir='ltr'>sinistro.“</span> <span class='ocrx_word' id='word_1_202' title='bbox 1290 2182 1346 2220; x_wconf 88' lang='lat' dir='ltr'>Et</span> <span class='ocrx_word' id='word_1_203' title='bbox 1364 2182 1419 2220; x_wconf 90' lang='lat' dir='ltr'>sic</span> <span class='ocrx_word' id='word_1_204' title='bbox 1438 2180 1697 2231; x_wconf 86' lang='lat' dir='ltr'>distinguitur</span> 
     </span>
     <span class='ocr_line' id='line_1_22' title="bbox 166 2253 1696 2307; baseline -0.004 -12"><span class='ocrx_word' id='word_1_205' title='bbox 166 2258 217 2296; x_wconf 89' lang='lat' dir='ltr'>ab</span> <span class='ocrx_word' id='word_1_206' title='bbox 235 2255 411 2301; x_wconf 80' lang='lat' dir='ltr'>armillis,</span> <span class='ocrx_word' id='word_1_207' title='bbox 431 2255 568 2307; x_wconf 81' lang='lat' dir='ltr'>[Infra</span> <span class='ocrx_word' id='word_1_208' title='bbox 582 2256 694 2307; x_wconf 69' lang='lat'>437]</span> <span class='ocrx_word' id='word_1_209' title='bbox 711 2270 800 2307; x_wconf 89' lang='lat' dir='ltr'>quae</span> <span class='ocrx_word' id='word_1_210' title='bbox 818 2256 860 2293; x_wconf 90' lang='lat' dir='ltr'>in</span> <span class='ocrx_word' id='word_1_211' title='bbox 878 2263 1049 2307; x_wconf 90' lang='lat' dir='ltr'>utroque</span> <span class='ocrx_word' id='word_1_212' title='bbox 1066 2256 1229 2295; x_wconf 80' lang='lat' dir='ltr'>brachio</span> <span class='ocrx_word' id='word_1_213' title='bbox 1246 2256 1514 2307; x_wconf 84' lang='lat' dir='ltr'>gestabantur.</span> <span class='ocrx_word' id='word_1_214' title='bbox 1559 2253 1696 2292; x_wconf 80' lang='lat' dir='ltr'>Pitisc.</span> 
     </span>
    </p>
   </div>
   <div class='ocr_carea' id='block_1_11' title="bbox 168 2329 1757 2457">
    <p class='ocr_par' dir='ltr' id='par_1_13' title="bbox 168 2329 1757 2457">
     <span class='ocr_line' id='line_1_23' title="bbox 168 2329 1757 2382; baseline -0.001 -13"><span class='ocrx_word' id='word_1_215' title='bbox 168 2331 264 2370; x_wconf 87' lang='lat' dir='ltr'>Lex.</span> <span class='ocrx_word' id='word_1_216' title='bbox 284 2331 451 2381; x_wconf 86' lang='lat' dir='ltr'>Antiqu.</span> <span class='ocrx_word' id='word_1_217' title='bbox 479 2332 501 2344; x_wconf 88' lang='lat'>&#39;&#39;</span> <span class='ocrx_word' id='word_1_218' title='bbox 514 2330 642 2377; x_wconf 87' lang='lat' dir='ltr'>Quale</span> <span class='ocrx_word' id='word_1_219' title='bbox 659 2330 781 2368; x_wconf 86' lang='lat' dir='ltr'>fuerit</span> <span class='ocrx_word' id='word_1_220' title='bbox 798 2330 969 2382; x_wconf 78' lang='lat' dir='ltr'>spinther</span> <span class='ocrx_word' id='word_1_221' title='bbox 987 2330 1238 2381; x_wconf 86' lang='lat' dir='ltr'>ignoramus;</span> <span class='ocrx_word' id='word_1_222' title='bbox 1257 2330 1334 2368; x_wconf 89' lang='lat' dir='ltr'>nisi</span> <span class='ocrx_word' id='word_1_223' title='bbox 1355 2329 1563 2379; x_wconf 80' lang='lat' dir='ltr'>utriusque</span> <span class='ocrx_word' id='word_1_224' title='bbox 1582 2342 1698 2367; x_wconf 84' lang='lat' dir='ltr'>sexus</span> <span class='ocrx_word' id='word_1_225' title='bbox 1744 2336 1757 2349; x_wconf 77' lang='lat'><strong><em>‘</em></strong></span> 
     </span>
     <span class='ocr_line' id='line_1_24' title="bbox 170 2404 1267 2457; baseline -0.004 -11"><span class='ocrx_word' id='word_1_226' title='bbox 170 2408 247 2446; x_wconf 87' lang='lat' dir='ltr'>sint</span> <span class='ocrx_word' id='word_1_227' title='bbox 264 2405 437 2451; x_wconf 75' lang='lat' dir='ltr'>armillae,</span> <span class='ocrx_word' id='word_1_228' title='bbox 465 2404 635 2457; x_wconf 74' lang='lat' dir='ltr'>spinther</span> <span class='ocrx_word' id='word_1_229' title='bbox 652 2405 799 2443; x_wconf 84' lang='lat' dir='ltr'>sinistri</span> <span class='ocrx_word' id='word_1_230' title='bbox 818 2411 972 2443; x_wconf 87' lang='lat' dir='ltr'>tantum</span> <span class='ocrx_word' id='word_1_231' title='bbox 990 2405 1267 2443; x_wconf 83' lang='lat' dir='ltr'>feminarum.“</span> 
     </span>
    </p>
   </div>
   <div class='ocr_carea' id='block_1_12' title="bbox 171 2504 1700 2719">
    <p class='ocr_par' dir='ltr' id='par_1_14' title="bbox 171 2504 1700 2719">
     <span class='ocr_line' id='line_1_25' title="bbox 243 2504 1698 2565; baseline -0.002 -15"><span class='ocrx_word' id='word_1_232' title='bbox 243 2516 332 2550; x_wconf 72' lang='lat'>432.</span> <span class='ocrx_word' id='word_1_233' title='bbox 396 2504 659 2565; x_wconf 80' lang='lat' dir='ltr'>Armari0.]</span> <span class='ocrx_word' id='word_1_234' title='bbox 723 2508 963 2548; x_wconf 83' lang='lat' dir='ltr'>Wardrobe.</span> <span class='ocrx_word' id='word_1_235' title='bbox 1019 2511 1074 2549; x_wconf 88' lang='lat' dir='ltr'>H.</span> <span class='ocrx_word' id='word_1_236' title='bbox 1092 2511 1117 2549; x_wconf 92' lang='lat' dir='ltr'>l.</span> <span class='ocrx_word' id='word_1_237' title='bbox 1145 2518 1217 2557; x_wconf 87' lang='lat' dir='ltr'>est,</span> <span class='ocrx_word' id='word_1_238' title='bbox 1244 2511 1375 2549; x_wconf 87' lang='lat' dir='ltr'>Locus</span> <span class='ocrx_word' id='word_1_239' title='bbox 1393 2511 1435 2547; x_wconf 89' lang='lat' dir='ltr'>in</span> <span class='ocrx_word' id='word_1_240' title='bbox 1454 2523 1535 2560; x_wconf 90' lang='lat' dir='ltr'>quo</span> <span class='ocrx_word' id='word_1_241' title='bbox 1553 2516 1698 2554; x_wconf 82' lang='lat' dir='ltr'>vestes,</span> 
     </span>
     <span class='ocr_line' id='line_1_26' title="bbox 171 2587 1700 2641; baseline -0.005 -9"><span class='ocrx_word' id='word_1_242' title='bbox 171 2600 211 2632; x_wconf 86' lang='lat' dir='ltr'>et</span> <span class='ocrx_word' id='word_1_243' title='bbox 228 2600 368 2631; x_wconf 79' lang='lat' dir='ltr'>caetera</span> <span class='ocrx_word' id='word_1_244' title='bbox 384 2598 612 2630; x_wconf 82' lang='lat' dir='ltr'>ornamenta</span> <span class='ocrx_word' id='word_1_245' title='bbox 629 2590 837 2628; x_wconf 85' lang='lat' dir='ltr'>muliebria</span> <span class='ocrx_word' id='word_1_246' title='bbox 853 2597 1113 2641; x_wconf 86' lang='lat' dir='ltr'>reponuntur.</span> <span class='ocrx_word' id='word_1_247' title='bbox 1140 2589 1243 2627; x_wconf 88' lang='lat' dir='ltr'>Aliis</span> <span class='ocrx_word' id='word_1_248' title='bbox 1259 2588 1397 2626; x_wconf 87' lang='lat' dir='ltr'>usibus</span> <span class='ocrx_word' id='word_1_249' title='bbox 1414 2588 1509 2626; x_wconf 85' lang='lat' dir='ltr'>alibi</span> <span class='ocrx_word' id='word_1_250' title='bbox 1524 2587 1700 2626; x_wconf 87' lang='lat' dir='ltr'>inservit.</span> 
     </span>
     <span class='ocr_line' id='line_1_27' title="bbox 173 2663 1700 2719; baseline -0.005 -13"><span class='ocrx_word' id='word_1_251' title='bbox 173 2668 289 2719; x_wconf 75' lang='lat' dir='ltr'>Capt-</span> <span class='ocrx_word' id='word_1_252' title='bbox 306 2672 393 2706; x_wconf 82' lang='lat'><strong>845.</strong></span> <span class='ocrx_word' id='word_1_253' title='bbox 441 2673 466 2690; x_wconf 92' lang='lat'><strong>“</strong></span> <span class='ocrx_word' id='word_1_254' title='bbox 478 2666 604 2705; x_wconf 86' lang='lat' dir='ltr'>Cellas</span> <span class='ocrx_word' id='word_1_255' title='bbox 622 2665 786 2717; x_wconf 85' lang='lat' dir='ltr'>refregit</span> <span class='ocrx_word' id='word_1_256' title='bbox 803 2678 951 2711; x_wconf 88' lang='lat' dir='ltr'>omnes,</span> <span class='ocrx_word' id='word_1_257' title='bbox 969 2665 1210 2715; x_wconf 90' lang='lat' dir='ltr'>reclusitque</span> <span class='ocrx_word' id='word_1_258' title='bbox 1227 2664 1474 2701; x_wconf 82' lang='lat' dir='ltr'>armarium.”</span> <span class='ocrx_word' id='word_1_259' title='bbox 1513 2663 1676 2714; x_wconf 75' lang='lat' dir='ltr'>(pann-y</span> <span class='ocrx_word' id='word_1_260' title='bbox 1686 2677 1700 2708; x_wconf 76' lang='grc' dir='ltr'><strong><em>ς</em></strong></span> 
     </span>
    </p>
   </div>
   <div class='ocr_carea' id='block_1_13' title="bbox 172 2738 1701 2867">
    <p class='ocr_par' dir='ltr' id='par_1_15' title="bbox 172 2738 1701 2867">
     <span class='ocr_line' id='line_1_28' title="bbox 175 2738 1701 2793; baseline -0.003 -12"><span class='ocrx_word' id='word_1_261' title='bbox 175 2744 438 2792; x_wconf 74' lang='lat' dir='ltr'>stote-roem.)</span> <span class='ocrx_word' id='word_1_262' title='bbox 494 2741 613 2793; x_wconf 85' lang='lat' dir='ltr'>Epid.</span> <span class='ocrx_word' id='word_1_263' title='bbox 641 2746 729 2779; x_wconf 82' lang='lat'><strong>301.</strong></span> <span class='ocrx_word' id='word_1_264' title='bbox 783 2745 809 2763; x_wconf 91' lang='lat'><strong>“</strong></span> <span class='ocrx_word' id='word_1_265' title='bbox 822 2740 883 2778; x_wconf 80' lang='lat' dir='ltr'>Ex</span> <span class='ocrx_word' id='word_1_266' title='bbox 914 2740 1123 2791; x_wconf 88' lang='lat' dir='ltr'>obsignato</span> <span class='ocrx_word' id='word_1_267' title='bbox 1152 2738 1321 2777; x_wconf 82' lang='lat' dir='ltr'>armario</span> <span class='ocrx_word' id='word_1_268' title='bbox 1350 2738 1521 2777; x_wconf 89' lang='lat' dir='ltr'>Decutio</span> <span class='ocrx_word' id='word_1_269' title='bbox 1547 2738 1701 2789; x_wconf 84' lang='lat' dir='ltr'>argenti</span> 
     </span>
     <span class='ocr_line' id='line_1_29' title="bbox 172 2816 678 2867; baseline -0.008 -12"><span class='ocrx_word' id='word_1_270' title='bbox 172 2819 363 2855; x_wconf 50' lang='lat' dir='ltr'>tantum?</span> <span class='ocrx_word' id='word_1_271' title='bbox 391 2816 590 2867; x_wconf 81' lang='lat' dir='ltr'>(bureau.)</span> <span class='ocrx_word' id='word_1_272' title='bbox 608 2817 678 2853; x_wconf 72' lang='grc' dir='ltr'><strong>ὅτε.</strong></span> 
     </span>
    </p>
   </div>
  </div>
 </body>
</html>
