1864 3152
649 226 715 267 IN
750 224 1185 267 MENAECHMOS.
1587 222 1672 266 159

226 365 307 405 161.
372 359 577 424 Operam
603 358 822 419 sumam.]
874 362 1026 416 Spend
1050 375 1120 414 my
1145 360 1309 400 labour.
1366 362 1444 400 Pro
1473 361 1674 399 absumam.

234 510 300 517 —
372 476 635 538 Quaerere.]
683 482 742 522 In
763 481 953 533 seelcing·
1010 484 1063 522 H.
1089 498 1123 522 e.
1150 484 1188 521 in
1214 482 1422 534 quoerendo.
1478 479 1675 518 Hellenis-

151 579 248 603 mus.
290 565 381 603 Aul.
401 570 488 611 295.
530 565 658 603 Gloss.
699 563 814 614 Virg.
836 562 923 600 AEn.
943 563 999 600 11.
1018 562 1080 602 64.
1127 568 1152 584 “
1168 562 1329 600 Certant
1347 559 1507 598 illudere
1524 561 1675 610 capto.”

152 653 224 690 pro
243 640 280 676 in
301 639 498 677 illudendo.
554 638 655 676 Vide
675 638 803 689 Supra
825 642 909 676 150.

229 732 311 771 162.
377 725 561 786 Vives]
616 733 717 771 Vide
747 733 858 771 Nott.
914 732 981 770 Sic
1017 730 1165 782 Amph.
1195 736 1283 769 245.
1339 729 1441 767 “Tu
1478 743 1540 767 me
1575 728 1678 767 vivos

151 813 267 851 hodie
288 826 493 863 nunquam
511 811 643 855 facies,
668 810 765 861 quin
786 810 859 848 sim
879 809 1025 848 Sosia.''
1063 808 1199 859 (while
1217 821 1295 859 you
1317 807 1428 858 live.)
1486 807 1571 844 Mil.
1593 811 1678 845 115.

154 894 179 909 “
195 887 398 934 Quantum
417 886 518 924 vivos
535 886 732 937 possum.’'

238 1024 301 1031 —
374 991 625 1055 Exsequi]
679 995 745 1036 To
764 997 863 1036 seelc
883 996 970 1035 him
993 1000 1082 1036 out.
1126 997 1254 1036 Sensu
1272 997 1429 1035 rariore.
1472 995 1539 1034 Sic
1556 997 1678 1034 Merc.

154 1079 198 1117 P.
218 1079 280 1119 68.
327 1085 351 1101 “
366 1078 518 1130 Eaeigi,”
539 1085 550 1101 ‘
563 1079 624 1116 To
642 1080 692 1117 be
711 1078 850 1116 driven
868 1080 961 1115 out?
1007 1076 1154 1128 Amph.
1173 1082 1262 1122 903.
1309 1082 1334 1098 “
1350 1075 1572 1127 Consequi,”
1593 1081 1604 1096 ‘
1618 1075 1678 1112 To

152 1155 247 1193 rush
273 1154 476 1205 together.’
534 1155 579 1192 In
605 1153 717 1192 Asin.
746 1159 831 1197 144,
860 1153 1026 1190 verbum
1062 1151 1210 1204 exsequi
1235 1151 1408 1190 occurrit
1446 1164 1561 1189 sensu
1586 1164 1677 1202 per-

155 1229 352 1267 severandi
363 1244 380 1272 ;
411 1228 519 1280 quod
537 1228 654 1266 etiam
674 1227 748 1266 hoc
766 1226 853 1265 loco
871 1226 964 1264 ferri
984 1232 1125 1277 potest,
1147 1225 1328 1277 quamvis
1347 1225 1478 1264 minus
1496 1232 1614 1263 recte.

233 1336 316 1375 164.
382 1331 579 1396 Scirpo.]
606 1335 667 1376 ·A
692 1335 887 1375 bulrusll.
942 1337 1064 1376 Junci
1097 1338 1247 1389 species
1278 1337 1426 1376 enodis.
1480 1337 1678 1388 “Scirpea

156 1419 284 1457 ratis.”
338 1418 430 1456 Aul.
449 1423 536 1458 550.
589 1418 694 1456 Citat
718 1417 860 1455 Festus
886 1417 1073 1461 Ennium,
1093 1422 1117 1438 “
1131 1417 1328 1463 Quaerunt
1352 1416 1391 1453 in
1415 1415 1555 1468 scirpo,
1576 1417 1680 1455 soliti

155 1493 263 1544 quod
290 1492 432 1538 dicere,
462 1491 632 1530 nodum.”
687 1491 800 1530 Idem
826 1491 1013 1542 adagium
1041 1491 1177 1528 laudat
1206 1491 1343 1528 Lmn:
1374 1491 1414 1528 in
1441 1491 1531 1529 Ter.
1553 1490 1680 1529 Andr.

159 1569 204 1606 V.
234 1582 285 1607 1v.
313 1573 373 1614 39.
396 1582 445 1606 ex
471 1567 611 1605 Isidor.
630 1567 743 1617 Orig.
766 1573 824 1611 17.
879 1566 998 1614 “Qui
1027 1566 1211 1604 inimicus
1238 1573 1310 1611 est,
1340 1567 1457 1604 etiam
1487 1565 1525 1604 in
1555 1566 1685 1618 scirpo

157 1645 287 1682 nodum
314 1642 486 1695 quoerit.''

239 1774 307 1782 -.
382 1742 556 1802 Quin]
627 1745 733 1798 Why
754 1749 842 1785 not.
898 1747 930 1785 1.
954 1761 987 1786 e.
1015 1747 1081 1799 qui
1108 1760 1191 1785 non.
1249 1747 1359 1785 Infra
1386 1747 1472 1793 649.

233 1853 316 1892 165.
382 1846 491 1894 Nisi
515 1847 590 1906 Si.]
642 1848 797 1891 Unless
819 1847 986 1889 indeed.
1023 1851 1068 1889 Si
1087 1851 1294 1890 redundat.
1333 1852 1448 1889 Cure.
1460 1857 1521 1890 51.
1557 1852 1682 1890 “Nisi

155 1935 189 1973 si
207 1942 266 1973 est
283 1933 496 1972 osculando
515 1932 720 1983 quidpiam
738 1930 1014 1982 impudicior.''
1069 1930 1190 1981 Epid.
1211 1936 1273 1969 20.
1325 1936 1350 1952 “
1364 1930 1443 1969 Ubi
1463 1930 1497 1968 is
1515 1938 1586 1975 est,
1607 1930 1681 1968 nisi

156 2010 189 2046 si
209 2009 247 2046 in
268 2008 404 2046 vidulo
415 2009 457 2045 ?”
485 2007 576 2044 Ter.
589 2005 712 2043 Andr.
727 2005 758 2042 Ι.
772 2018 810 2042 v.
829 2010 888 2043 15.
918 2010 943 2026 “
956 2004 1047 2042 Nisi
1064 2004 1100 2042 si
1114 2005 1155 2042 id
1174 2013 1234 2043 est
1248 2005 1355 2056 quod
1376 2005 1589 2056 suspicor.'’
1607 2007 1679 2044 &c.

235 2118 317 2157 166.
383 2112 637 2169 Facessas.]
682 2114 819 2167 Away
839 2114 958 2154 with·
1014 2118 1247 2157 Inusitatius
1265 2132 1357 2157 cum
1376 2132 1467 2157 casu
1482 2118 1679 2170 jungitur.

161 2200 261 2239 Rud.
280 2199 367 2246 963.
422 2206 447 2221 “
461 2200 560 2250 Ego,
586 2198 737 2249 opinor,
763 2211 839 2235 rem
848 2196 1018 2248 facesso.
1072 2197 1143 2235 Gr.
1175 2197 1218 2255 Si
1245 2198 1407 2249 quidem
1426 2198 1478 2236 sis
1495 2197 1679 2248 pudicus,

158 2276 474 2328 hincfacessas.”
520 2274 621 2324 (will
643 2274 694 2312 be
718 2272 801 2322 off.)
848 2271 1052 2317 Absolute,
1091 2271 1178 2310 Liv.
1198 2271 1230 2309 I.
1250 2278 1312 2316 47.
1362 2277 1386 2294 “
1402 2272 1563 2311 Facesse
1587 2271 1681 2310 hinc

160 2350 432 2402 Tarquinios.''
462 2349 589 2402 (away
609 2348 706 2386 with
724 2348 837 2399 you.)

243 2481 309 2489 —-
382 2449 554 2507 Mala]
612 2458 673 2495 De
698 2456 825 2507 plagis
849 2463 918 2498 aux
940 2456 1009 2493 tali
1035 2455 1170 2505 aliquo
1194 2455 1481 2506 accipiendum,
1506 2462 1551 2492 ut
1575 2468 1680 2506 saepe

159 2538 266 2589 apud
299 2537 504 2575 Nostrum.
559 2536 670 2574 Infra
705 2535 794 2579 756.
854 2535 952 2573 Rud.
988 2534 1075 2580 697.
1130 2540 1156 2556 “
1171 2534 1343 2572 Dabitur
1379 2533 1452 2572 tibi
1490 2547 1678 2590 magnum

161 2613 331 2651 malum?
386 2612 498 2650 Asin.
516 2617 603 2658 299.
659 2617 683 2633 “
698 2611 844 2661 Magna
861 2617 921 2648 est
938 2609 1073 2661 praeda
1090 2623 1181 2648 cum
1200 2622 1344 2659 magno
1362 2608 1493 2647 malo.”
1512 2610 1583 2647 &c.

238 2716 322 2759 167.
388 2710 517 2757 Hem
536 2710 567 2767 ἶ]
618 2713 752 2754 Alas!
794 2718 883 2756 Hoc
900 2717 987 2756 loco
1005 2716 1298 2768 ingemiscentis
1315 2716 1548 2767 interjectio.
1586 2716 1679 2755 Ter.

164 2798 266 2837 Eun.
286 2797 332 2834 V.
354 2809 382 2835 1.
405 2802 464 2834 11.
521 2800 545 2818 “
558 2795 670 2841 Hem,
690 2795 832 2834 misera
847 2795 975 2834 occidi
988 2796 1020 2832 !’'
1076 2795 1149 2832 Vel
1171 2794 1435 2846 indignantis;
1467 2794 1622 2846 Humph
1636 2796 1653 2830 !
