1864 3152
171 282 232 330 56

749 288 812 329 Μ.
848 289 905 330 Α.
941 287 1187 330 PLAUTI

305 417 437 475 Quid
462 433 549 482 ego
577 433 706 465 nunc
737 432 873 482 agam
891 418 914 464 ?
965 415 1057 464 Nae
1091 433 1179 480 ego
1213 414 1379 481 edepol
1415 418 1523 466 veni
1558 417 1652 468 huc
1684 437 1767 468 au-

504 500 651 565 spicio
683 499 836 548 malo:

304 583 469 633 Numo
500 601 606 633 sum
638 584 928 641 conductum
973 582 1081 648 plus
1108 586 1211 648 jam
1238 583 1422 633 medico
1449 586 1663 635 mercede
1693 594 1767 635 est

505 685 636 735 opus.

172 750 272 799 EU.
306 750 420 800 Hoc
450 750 643 816 quidem
675 750 847 808 hercle,
881 768 1069 816 quoquo
1100 752 1192 807 ibo,
1226 768 1412 800 mecum
1442 753 1547 809 erit,
1578 770 1763 802 mecum

502 833 664 891 feram,

302 918 475 983 Neque
506 919 630 968 istuc
654 920 705 967 in
736 919 886 967 tantis
916 917 1103 983 periclis
1136 935 1346 983 unquam
1377 921 1672 968 committam
1707 928 1764 968 ut

504 1004 607 1052 siet.

304 1088 383 1138 Ite
406 1104 518 1137 sane
540 1103 669 1135 nunc
684 1088 786 1149 jam
811 1087 938 1134 intro
958 1102 1120 1134 omnes
1144 1093 1194 1134 et
1217 1086 1329 1142 coci,
1354 1094 1403 1134 et
1426 1087 1658 1135 tibicinae!
1687 1098 1763 1131 405

230 1229 255 1247 v.
271 1222 326 1248 ⁴⁰2.
361 1221 474 1250 Modico,
492 1220 535 1246 lta
551 1219 613 1245 ΑΜ.
632 1219 722 1245 Pam.
741 1218 811 1244 HJ.
831 1218 866 1244 V.
878 1219 902 1244 9.
919 1222 947 1244 et
963 1218 998 1244 Η.
1011 1219 1035 1249 6,
1053 1218 1081 1243 in
1099 1225 1181 1251 mag.
1202 1219 1250 1244 ubi
1272 1227 1336 1245 vero
1355 1224 1396 1245 est
1417 1220 1445 1245 in
1461 1223 1538 1246 textu
1557 1220 1660 1248 ,αὔοι
1681 1224 1709 1246 et
1726 1221 1764 1246 ita

162 1263 217 1290 m.
237 1264 266 1289 Ρ.
284 1266 387 1297 neptem
404 1262 505 1292 Nostri.
523 1261 557 1287 V.
570 1262 592 1286 ³.
611 1263 639 1286 et
656 1260 758 1286 nuum
774 1260 857 1286 codd.
874 1261 938 1286 duo.
958 1261 988 1286 B.
1001 1267 1024 1285 ι.
1045 1260 1075 1286 B.
1087 1261 1114 1286 b.
1133 1259 1194 1293 [qui
1212 1268 1288 1287 nuuc
1303 1262 1432 1294 primum.
1451 1262 1639 1288 munificentia
1661 1262 1763 1288 Pona-

167 1307 234 1333 noth
250 1304 481 1335 neveram-fimi,
504 1305 533 1329 in
549 1309 647 1329 mmm
664 1309 738 1328 meu
757 1302 840 1328 demi
860 1303 948 1336 sunt]
981 1304 1106 1329 nosaico
1128 1303 1161 1327 Η.
1179 1304 1204 1333 5,
1221 1307 1249 1329 et
1264 1304 1362 1333 modio,
1380 1304 1409 1331 c.
1434 1303 1545 1333 vitione:
1563 1305 1664 1332 Metita.
1684 1304 1718 1329 Η.
1736 1306 1759 1329 a

170 1351 204 1376 v.
219 1350 358 1375 l.—--4m.
376 1348 429 1374 liic
443 1354 523 1374 nov-2
537 1353 625 1373 soene
640 1346 750 1372 initium
767 1345 799 1371 flt
813 1345 886 1378 apud
902 1346 1042 1378 plerunque
1058 1345 1140 1371 Codd.
1174 1346 1225 1371 Sed
1242 1347 1280 1372 nil
1296 1353 1382 1379 opus:
1402 1346 1473 1372 Vide
1488 1348 1575 1379 Supn
1591 1355 1616 1372 v.
1628 1349 1667 1372 40.

166 1474 244 1512 bus
278 1472 448 1523 probare
482 1482 563 1508 non
590 1467 727 1520 possit,
766 1481 807 1507 se
839 1480 932 1505 vasa

167 1538 210 1576 in
230 1537 316 1589 ejus
335 1535 440 1575 aedes
460 1534 653 1579 intulisse,
677 1547 767 1585 quae
787 1532 931 1572 Euclio

168 1601 244 1640 sibi
267 1600 436 1639 reddere
469 1598 582 1644 nolit,
612 1611 658 1637 ea
684 1597 840 1649 judicio
868 1610 930 1636 re-

165 1672 302 1718 petere
338 1676 419 1702 non
449 1669 615 1715 poterat.
672 1661 779 1708 Quia
806 1660 931 1712 igitur

167 1727 352 1779 iniquum
389 1732 473 1764 erat
500 1737 585 1763 rem
621 1737 733 1763 suam
770 1722 932 1761 domino

167 1788 370 1828 vindicare
402 1794 471 1826 aut
499 1786 655 1826 auferre
685 1798 766 1825 non
796 1785 928 1830 licere,

162 1852 253 1892 Lex
283 1863 351 1890 xu
379 1849 606 1889 tabularum
637 1850 673 1889 ei
709 1848 774 1888 cui
796 1855 930 1887 'testes

169 1915 337 1968 (quibus
378 1926 463 1953 rem
499 1926 610 1952 suam
647 1912 755 1951 domi
791 1911 929 1950 alienae

160 1992 252 2020 esse
272 1978 477 2031 probaret)
499 1976 693 2022 deessent,
723 1976 928 2028 permitte-

166 2045 237 2084 bat
271 2044 323 2082 ob
358 2049 527 2094 portam,
564 2041 589 2079 i.
608 2055 642 2080 e.
679 2041 731 2079 ob
762 2039 925 2079 domum

166 2108 255 2162 ejus
281 2107 369 2159 (qui
392 2105 512 2145 semel
540 2113 660 2158 atque
683 2105 829 2144 iterum
857 2103 926 2143 ad-

165 2171 354 2218 monitus,
384 2183 429 2210 ac
450 2177 626 2221 rogatus,
653 2182 738 2207 rem
759 2168 927 2207 alienam

160 2236 334 2278 reddere
350 2235 545 2287 nolebat‚)
566 2232 835 2285 obvagulatum
854 2232 925 2278 ire,

165 2300 191 2339 i.
205 2314 240 2340 e.
259 2297 524 2339 conviciatum
542 2296 613 2341 ire,
632 2308 701 2333 seu
721 2307 813 2334 cum
831 2307 924 2333 con-

159 2364 272 2405 -vicio
288 2362 503 2416 repetitum
521 2360 592 2400 ire.

217 2456 306 2491 402.
344 2449 471 2489 Nun-o
486 2461 568 2487 sum
587 2446 806 2491 conductus,
825 2446 925 2498 ete]

167 2515 209 2555 ‘1
229 2527 311 2554 was
331 2512 446 2552 hired
466 2512 529 2550 for
550 2525 575 2550 a
592 2509 823 2555 didrachm;
852 2510 926 2548 but

164 2579 198 2618 it
221 2577 302 2616 will
325 2582 410 2616 eost
431 2588 496 2615 me
521 2587 631 2614 more
658 2586 748 2611 now
773 2572 834 2610 for
858 2571 926 2611 the

165 2641 370 2692 surgeon's
388 2639 473 2679 see:
516 2637 613 2676 Plus
629 2635 728 2676 mihi
746 2648 848 2688 opus
865 2643 925 2674 est

165 2703 275 2757 quod
293 2703 385 2742 dem
402 2700 571 2747 medico,
591 2700 661 2753 qui
676 2712 741 2739 me
758 2698 923 2744 sanabit,

165 2780 286 2820 quum
304 2771 540 2818 accepturus
558 2777 645 2803 sum
663 2777 688 2803 ι
706 2761 923 2815 Megadoro

162 2830 357 2871 mercedis
374 2829 546 2868 nomine.
578 2828 713 2867 an-
741 2826 923 2866 Numum

998 1485 1145 1523 autem,
1171 1477 1211 1516 h.
1225 1491 1260 1516 e.
1279 1476 1522 1523 didrachma,
1548 1476 1671 1515 fuisse
1689 1490 1762 1528 op-

996 1540 1186 1578 timorum
1208 1552 1427 1591 coquorum
1449 1539 1673 1578 mercedem
1691 1552 1761 1591 ap-

997 1610 1110 1654 paret
1137 1617 1187 1642 ex
1218 1603 1345 1643 Plaut.
1376 1602 1520 1642 Pseud.
1542 1607 1760 1643 800—810.

997 1666 1066 1705 ubi
1104 1666 1285 1718 queritur
1321 1667 1484 1718 Coquus
1521 1666 1630 1718 quod
1666 1680 1758 1706 cum

997 1729 1087 1781 quis
1119 1730 1160 1767 in
1188 1730 1321 1768 forum
1349 1729 1482 1768 veniat
1507 1729 1558 1768 ad
1585 1742 1760 1781 coquum

997 1791 1315 1837 conducendum,
1361 1804 1439 1829 non
1478 1791 1548 1843 qui
1585 1791 1760 1843 optimus

997 1865 1038 1896 et
1066 1858 1290 1897 carissimus
1321 1865 1393 1902 est,
1424 1856 1493 1895 sed
1521 1856 1591 1908 qui
1620 1856 1759 1895 vilissi-

996 1935 1092 1967 mus,
1111 1921 1360 1966 conducunt;
1383 1919 1554 1971 ideoque
1572 1933 1663 1959 cum
1682 1934 1757 1959 cae-

995 1985 1069 2024 teri
1094 1985 1145 2024 ad
1164 1985 1289 2024 officia
1306 1998 1377 2022 sua
1394 1983 1622 2036 peragenda
1639 1984 1757 2022 abiis-

996 2057 1095 2094 sent,
1132 2049 1218 2100 ipse
1253 2048 1359 2087 solus
1396 2049 1617 2087 “obsessor
1652 2048 1758 2086 sori*

996 2113 1158 2153 relictus
1185 2120 1266 2152 est:

995 2200 1017 2215 “
1032 2198 1085 2230 11Ιί
1102 2198 1245 2229 drachma
1266 2197 1358 2229 issent
1377 2196 1499 2235 miseri;
1521 2207 1573 2229 me
1591 2206 1682 2228 nemo
1698 2207 1754 2236 po-

1090 2255 1150 2281 test

1031 2300 1161 2332 Minoris
1181 2300 1345 2340 quisquam
1365 2310 1455 2330 numo
1473 2305 1509 2330 ut
1527 2308 1651 2337 surgam
1669 2298 1754 2330 tubi-

1091 2362 1172 2389 gem.
1189 2351 1196 2363 '

1045 2450 1133 2483 403.
1190 2443 1278 2482 Hoc
1298 2441 1485 2496 quiderm]
1515 2441 1673 2488 Aurum,
1694 2443 1753 2481 in-

992 2508 1073 2547 tell.
1102 2515 1147 2547 ut
1173 2507 1285 2546 Infra
1303 2511 1392 2546 418.
1448 2506 1552 2544 Nam
1581 2507 1622 2544 in
1650 2506 1755 2546 aedes

993 2583 1084 2609 suas
1101 2568 1221 2607 modo
1233 2574 1396 2621 repente
1415 2567 1583 2606 irruerat
1599 2569 1752 2612 Euclio,

988 2633 1072 2685 jam
1102 2639 1234 2671 autem
1264 2630 1399 2683 prodit
1427 2631 1555 2669 aulam
1587 2632 1662 2670 sub
1693 2632 1754 2670 ala

992 2699 1213 2738 abstrusam
1241 2696 1404 2743 habens,
1433 2697 1488 2735 ita
1517 2696 1679 2749 quidem
1708 2705 1754 2736 ut

990 2760 1290 2815 Spectatoribus
1307 2769 1509 2814 appareat,
1535 2760 1751 2813 Congrioni

989 2833 1121 2865 autem
1141 2825 1269 2865 lateat.
