1864 3152
654 245 721 285 IN
758 244 1214 288 AULULARIAM.
1607 249 1693 293 193

166 377 231 409 tur
266 384 432 423 sponsae,
468 369 665 409 divortium
704 370 748 408 fit
783 383 874 408 cum
907 384 1041 410 uxore.
1107 372 1184 411 Sed
1212 374 1330 413 etiam
1366 374 1417 413 de
1447 376 1697 415 matrimonio

167 454 381 498 usurpatur
407 445 624 498 repudiare,
660 457 740 483 non
775 452 881 483 recte
916 452 1049 483 autem
1084 459 1108 483 a
1145 459 1288 497 sponsa
1322 447 1469 486 dicitur
1500 448 1696 488 divertere.

167 520 251 559 cic.
282 521 328 558 In
357 521 497 572 Topic.
551 519 630 557 “Si
663 518 738 556 viri
767 518 886 570 culpa
914 518 1065 557 factum
1094 527 1156 558 est
1180 519 1394 568 divortium,
1426 530 1468 561 et
1495 523 1528 561 si
1554 524 1697 563 mulier

166 597 341 635 nuncium
379 595 558 635 remisit?
612 594 733 633 Truc.
753 599 841 640 809.
907 595 1038 646 “Ego
1064 595 1164 634 adeo
1185 598 1269 647 jam
1295 596 1353 634 illi
1381 597 1568 636 remittam
1593 612 1695 637 nun-

165 671 268 709 tium
295 670 402 708 affini
427 670 551 707 meo.”
605 667 811 705 Translate
836 674 1052 718 usurpatur
1075 667 1127 706 de
1155 681 1394 720 quacunque
1417 683 1473 716 re,
1501 670 1695 716 studiove,

165 746 275 797 quod
303 746 561 785 deserimus.“
616 743 707 782 Ter.
740 743 898 781 Phorm.
930 742 1003 781 lv.
1033 755 1101 782 111.
1133 748 1194 786 72.
1256 743 1380 781 “Illis
1411 743 1607 795 repudium
1636 758 1696 783 re-

165 818 334 856 nuntiet:
383 818 500 856 Hanc
518 816 671 855 ducat.”
726 816 786 854 Ib.
815 816 866 854 V.
896 829 971 854 vu.
999 822 1062 855 35.
1118 817 1259 854 “Cum
1285 830 1361 868 ego
1388 817 1510 856 vostri
1536 817 1697 856 honoris

166 907 283 932 causa
314 891 513 944 repudium
541 891 653 930 alteri
679 890 922 929 remiseriml'
979 891 1089 929 Infra
1116 890 1205 934 756.

239 1033 326 1070 741.
390 1020 689 1080 Exornatis]
779 1023 862 1065 Got
917 1022 1062 1075 ready.
1149 1026 1282 1078 Supra
1330 1032 1415 1065 114.
1486 1026 1695 1077 “Nuptias

163 1107 348 1145 adorna?
376 1119 444 1156 qu.
464 1104 567 1143 vide.
617 1104 757 1142 Gloss:
787 1103 885 1141 cod.
914 1102 968 1140 Η.
988 1102 1025 1147 6,
1064 1103 1315 1148 '’E-tornare,
1345 1117 1507 1150 ornare3
1545 1111 1591 1142 ut
1626 1118 1695 1143 ex-

165 1187 328 1224 struere,
360 1179 566 1216 instruere.
633 1177 740 1214 Non.
776 1184 817 1215 et
851 1175 914 1213 all.
950 1175 990 1213 h.
1008 1181 1067 1213 t.“
1118 1176 1213 1214 Loc.
1251 1177 1317 1215 cit.
1354 1183 1414 1215 est
1448 1176 1556 1227 apud
1594 1177 1695 1214 Non.

165 1255 264 1306 Cap.
285 1254 339 1292 11.
366 1259 468 1300 2873
506 1254 576 1304 qui
607 1253 726 1291 etiam
751 1252 906 1290 confert
935 1251 1016 1289 Cic.
1043 1251 1161 1289 Tusc.
1190 1251 1278 1289 Lib.
1308 1251 1363 1289 11.
1392 1250 1506 1303 [14.]
1536 1256 1562 1273 “
1574 1251 1695 1289 Modo

165 1335 225 1366 aet
259 1327 391 1378 aliqua
425 1326 636 1379 patientia:
677 1326 709 1363 si
746 1324 857 1362 nulla
893 1332 965 1369 est,
1008 1324 1106 1375 quid
1144 1332 1352 1363 exornatur
1389 1324 1639 1376 philosophia
1651 1326 1694 1362 ?”

166 1401 247 1440 Ubi
280 1401 358 1446 alii,
397 1400 533 1452 “quid
565 1413 792 1439 exornamus
818 1398 1162 1450 philosophiam?”
1207 1400 1231 1436 i.
1250 1414 1282 1438 e.
1319 1400 1496 1445 colimus,
1532 1400 1567 1438 ei
1600 1413 1693 1451 ope-

164 1483 246 1508 ram
275 1470 426 1508 damus.

236 1609 324 1646 74⁶2.
390 1596 666 1657 perduint]
731 1606 807 1643 Pro
830 1605 1005 1657 perdant.
1062 1605 1191 1656 Supra
1217 1603 1304 1642 626.

237 1729 324 1767 744.
395 1718 669 1776 Benedicta]
733 1726 911 1777 Εὐφήμει.
954 1726 1076 1764 Bonis
1094 1726 1226 1765 verbis
1244 1725 1378 1764 utitor.
1417 1725 1522 1763 Citat
1546 1725 1690 1762 Lunx:

164 1807 250 1844 Cas.
270 1811 357 1849 237.
414 1805 561 1853 “Quid
599 1805 629 1842 si
664 1818 746 1843 sors
775 1805 887 1843 aliter
919 1818 1038 1856 quam
1069 1804 1175 1842 voles
1207 1804 1406 1843 evenerit?
1456 1803 1522 1841 S‘r.
1569 1803 1691 1841 Bene-

162 1880 246 1918 dice
259 1882 301 1917 !''

237 2011 325 2048 745.
390 1998 610 2060 Faxint.]
675 2007 766 2046 Vet.
803 2007 938 2045 Gram.
985 2007 1142 2053 '’Faxo,
1168 2005 1313 2057 faxim,
1343 2019 1417 2057 pro
1452 2005 1593 2043 faciam
1628 2004 1690 2042 vel

165 2086 343 2125 fecerim:
365 2084 523 2137 faxint,
560 2085 719 2131 facient,
749 2085 957 2124 feceriut.“
1023 2085 1077 2123 H.
1096 2085 1121 2123 l.
1156 2097 1230 2136 pro
1241 2083 1417 2135 saciant,
1454 2090 1500 2121 ut
1527 2090 1691 2134 apparet

162 2173 210 2198 ex
245 2159 499 2211 responsione
535 2158 752 2197 Euclionis.
819 2159 891 2196 Est
925 2167 1058 2196 autem
1094 2156 1306 2208 aliquando
1333 2170 1407 2207 pro
1420 2154 1606 2205 fecerint,
1643 2162 1688 2193 ut

161 2239 203 2271 et
219 2231 326 2283 fuso
355 2245 429 2282 pro
441 2229 591 2281 secero.
645 2231 775 2282 Supra
805 2236 894 2274 374.
951 2231 1058 2268 Men.
1078 2235 1140 2272 37.
1183 2229 1232 2266 G.

236 2371 323 2408 747.
388 2357 589 2422 Culpam
624 2354 857 2416 admisit]
947 2365 1144 2403 Peccavit.
1208 2362 1353 2402 Gnon:
1407 2362 1516 2400 Lect.
1558 2361 1686 2399 Plaut.

162 2446 404 2485 '’Admittere
430 2444 581 2496 culpam
609 2444 649 2481 in
675 2457 717 2481 se
742 2443 889 2482 dicitur
917 2444 1117 2494 eleganter
1141 2456 1215 2494 pro
1242 2441 1485 2480 committere
1515 2439 1684 2491 culpam,

161 2532 324 2570 peceare
353 2517 596 2569 simpliciter.
649 2514 800 2567 Amph.
820 2520 907 2558 733.
973 2515 1114 2562 “Quae
1142 2527 1271 2565 neque
1300 2520 1393 2551 sunt
1413 2513 1528 2556 facta,
1557 2524 1687 2562 neque

160 2605 237 2643 ego
263 2591 302 2629 in
331 2605 387 2630 me
413 2589 565 2635 admisi,
594 2590 760 2640 arguit.”
807 2589 897 2626 Ter.
916 2588 1093 2639 Adelph.
1111 2587 1186 2624 1V.
1213 2599 1250 2623 v.
1270 2590 1331 2624 48.
1386 2583 1490 2621 “Me
1521 2582 1596 2620 hoc
1621 2581 1684 2619 de-

161 2665 288 2704 lictum
319 2665 518 2704 admisisse
545 2665 584 2702 in
611 2677 680 2710 me,
715 2664 759 2702 id
789 2664 886 2702 mihi
917 2663 1169 2702 vehementer
1198 2660 1339 2699 dolet.”
1395 2658 1554 2696 Phorm.
1574 2657 1628 2695 11.
1655 2669 1683 2694 1.

161 2747 223 2780 40.
277 2746 303 2763 “
320 2740 480 2794 Culpam
511 2749 556 2779 ut
589 2740 767 2792 Antipho
794 2739 834 2778 in
860 2753 900 2777 se
927 2736 1156 2777 admiserit.”
1183 2738 1282 2774 &c.“

268 2824 317 2857 25
