<?xml version="1.0" encoding="UTF-8"?>
<!DOCTYPE html PUBLIC "-//W3C//DTD XHTML 1.0 Transitional//EN"
    "http://www.w3.org/TR/xhtml1/DTD/xhtml1-transitional.dtd">
<html xmlns="http://www.w3.org/1999/xhtml" xml:lang="en" lang="en">
 <head>
  <title>
</title>
<meta http-equiv="Content-Type" content="text/html;charset=utf-8" />
  <meta name='ocr-system' content='tesseract 3.04.00' />
  <meta name='ocr-capabilities' content='ocr_page ocr_carea ocr_par ocr_line ocrx_word'/>
</head>
<body>
  <div class='ocr_page' id='page_1' title='image "./captivitrinummus00plauuoft_0367.png"; bbox 0 0 1864 3152; ppageno 0'>
   <div class='ocr_carea' id='block_1_1' title="bbox 683 223 1721 271">
    <p class='ocr_par' dir='ltr' id='par_1_1' title="bbox 683 223 1721 271">
     <span class='ocr_line' id='line_1_1' title="bbox 683 223 1721 271; baseline 0.004 -6"><span class='ocrx_word' id='word_1_1' title='bbox 683 224 753 265; x_wconf 88' lang='lat' dir='ltr'><strong>1N</strong></span> <span class='ocrx_word' id='word_1_2' title='bbox 788 223 1229 267; x_wconf 81' lang='lat' dir='ltr'><strong>MENAECHMOS.</strong></span> <span class='ocrx_word' id='word_1_3' title='bbox 1633 224 1721 271; x_wconf 79' lang='lat'><strong>219</strong></span> 
     </span>
    </p>
   </div>
   <div class='ocr_carea' id='block_1_2' title="bbox 182 351 1720 479">
    <p class='ocr_par' dir='ltr' id='par_1_2' title="bbox 182 351 1720 479">
     <span class='ocr_line' id='line_1_2' title="bbox 182 351 1720 405; baseline 0.002 -14"><span class='ocrx_word' id='word_1_4' title='bbox 182 352 256 391; x_wconf 74' lang='lat' dir='ltr'><strong>hac</strong></span> <span class='ocrx_word' id='word_1_5' title='bbox 281 352 477 404; x_wconf 88' lang='lat' dir='ltr'><strong>quicquid</strong></span> <span class='ocrx_word' id='word_1_6' title='bbox 500 353 706 405; x_wconf 81' lang='lat' dir='ltr'>scripsero,</span> <span class='ocrx_word' id='word_1_7' title='bbox 734 352 804 391; x_wconf 77' lang='lat' dir='ltr'><strong>tibi</strong></span> <span class='ocrx_word' id='word_1_8' title='bbox 826 354 1059 405; x_wconf 81' lang='lat' dir='ltr'><strong>proeconium</strong></span> <span class='ocrx_word' id='word_1_9' title='bbox 1086 352 1321 405; x_wconf 66' lang='lat' dir='ltr'><strong>dfferam.”“</strong></span> <span class='ocrx_word' id='word_1_10' title='bbox 1359 351 1490 392; x_wconf 83' lang='lat' dir='ltr'><strong>Vocat</strong></span> <span class='ocrx_word' id='word_1_11' title='bbox 1515 353 1610 393; x_wconf 85' lang='lat' dir='ltr'><strong>Juv.</strong></span> <span class='ocrx_word' id='word_1_12' title='bbox 1639 354 1720 394; x_wconf 80' lang='lat' dir='ltr'><strong>Sat.</strong></span> 
     </span>
     <span class='ocr_line' id='line_1_3' title="bbox 183 426 1599 479; baseline 0.001 -14"><span class='ocrx_word' id='word_1_13' title='bbox 183 428 277 466; x_wconf 88' lang='lat' dir='ltr'><strong>VII.</strong></span> <span class='ocrx_word' id='word_1_14' title='bbox 309 433 367 467; x_wconf 93' lang='grc'><strong>10.</strong></span> <span class='ocrx_word' id='word_1_15' title='bbox 422 433 447 450; x_wconf 85' lang='grc'><strong>“</strong></span> <span class='ocrx_word' id='word_1_16' title='bbox 462 426 702 468; x_wconf 72' lang='lat' dir='ltr'><strong>commissam</strong></span> <span class='ocrx_word' id='word_1_17' title='bbox 727 427 975 473; x_wconf 81' lang='lat' dir='ltr'><strong>auctionem,”</strong></span> <span class='ocrx_word' id='word_1_18' title='bbox 1003 427 1099 479; x_wconf 76' lang='lat' dir='ltr'><strong>quia</strong></span> <span class='ocrx_word' id='word_1_19' title='bbox 1125 426 1300 478; x_wconf 82' lang='lat' dir='ltr'><strong>praeconi</strong></span> <span class='ocrx_word' id='word_1_20' title='bbox 1325 426 1599 466; x_wconf 81' lang='lat' dir='ltr'><strong>committitur.</strong></span> 
     </span>
    </p>
   </div>
   <div class='ocr_carea' id='block_1_3' title="bbox 170 550 1723 1813">
    <p class='ocr_par' dir='ltr' id='par_1_3' title="bbox 170 550 1723 1813">
     <span class='ocr_line' id='line_1_4' title="bbox 260 550 1722 618; baseline 0.001 -20"><span class='ocrx_word' id='word_1_21' title='bbox 260 564 370 598; x_wconf 87' lang='lat'><strong>1051.</strong></span> <span class='ocrx_word' id='word_1_22' title='bbox 437 553 538 602; x_wconf 80' lang='lat' dir='ltr'><strong>Die</strong></span> <span class='ocrx_word' id='word_1_23' title='bbox 560 550 794 618; x_wconf 67' lang='lat' dir='ltr'><strong>septimi]</strong></span> <span class='ocrx_word' id='word_1_24' title='bbox 852 562 1078 616; x_wconf 69' lang='grc' dir='ltr'>Ἀρχαῑχὸς</span> <span class='ocrx_word' id='word_1_25' title='bbox 1113 576 1188 614; x_wconf 86' lang='lat' dir='ltr'><strong>pro</strong></span> <span class='ocrx_word' id='word_1_26' title='bbox 1222 561 1284 600; x_wconf 82' lang='lat' dir='ltr'><strong>die</strong></span> <span class='ocrx_word' id='word_1_27' title='bbox 1317 562 1496 614; x_wconf 51' lang='lat' dir='ltr'><strong>septim&amp;</strong></span> <span class='ocrx_word' id='word_1_28' title='bbox 1532 561 1722 602; x_wconf 81' lang='lat' dir='ltr'><strong>dixerunt</strong></span> 
     </span>
     <span class='ocr_line' id='line_1_5' title="bbox 178 639 1719 694; baseline 0.001 -15"><span class='ocrx_word' id='word_1_29' title='bbox 178 640 287 679; x_wconf 89' lang='lat' dir='ltr'><strong>enim</strong></span> <span class='ocrx_word' id='word_1_30' title='bbox 320 640 429 679; x_wconf 88' lang='lat' dir='ltr'><strong>Vett.</strong></span> <span class='ocrx_word' id='word_1_31' title='bbox 482 639 544 678; x_wconf 79' lang='lat' dir='ltr'><strong>die</strong></span> <span class='ocrx_word' id='word_1_32' title='bbox 576 640 751 689; x_wconf 72' lang='lat' dir='ltr'><strong>crastini,</strong></span> <span class='ocrx_word' id='word_1_33' title='bbox 788 648 830 680; x_wconf 91' lang='lat' dir='ltr'><strong>et</strong></span> <span class='ocrx_word' id='word_1_34' title='bbox 859 641 920 679; x_wconf 80' lang='lat' dir='ltr'><strong>die</strong></span> <span class='ocrx_word' id='word_1_35' title='bbox 955 641 1137 687; x_wconf 78' lang='lat' dir='ltr'><strong>crastine,</strong></span> <span class='ocrx_word' id='word_1_36' title='bbox 1176 641 1237 679; x_wconf 81' lang='lat' dir='ltr'><strong>die</strong></span> <span class='ocrx_word' id='word_1_37' title='bbox 1265 640 1391 694; x_wconf 78' lang='lat' dir='ltr'><strong>quinti</strong></span> <span class='ocrx_word' id='word_1_38' title='bbox 1420 647 1460 679; x_wconf 89' lang='lat' dir='ltr'><strong>et</strong></span> <span class='ocrx_word' id='word_1_39' title='bbox 1491 639 1553 678; x_wconf 80' lang='lat' dir='ltr'><strong>die</strong></span> <span class='ocrx_word' id='word_1_40' title='bbox 1579 640 1719 693; x_wconf 77' lang='lat' dir='ltr'><strong><em>quinte,</em></strong></span> 
     </span>
     <span class='ocr_line' id='line_1_6' title="bbox 179 715 1721 767; baseline 0 -13"><span class='ocrx_word' id='word_1_41' title='bbox 179 729 225 754; x_wconf 83' lang='lat' dir='ltr'><strong>ac</strong></span> <span class='ocrx_word' id='word_1_42' title='bbox 257 716 397 753; x_wconf 84' lang='lat' dir='ltr'><strong>simin:</strong></span> <span class='ocrx_word' id='word_1_43' title='bbox 441 715 573 761; x_wconf 82' lang='lat' dir='ltr'><strong>Persa,</strong></span> <span class='ocrx_word' id='word_1_44' title='bbox 605 721 693 759; x_wconf 69' lang='lat'><strong>257.</strong></span> <span class='ocrx_word' id='word_1_45' title='bbox 750 716 1012 755; x_wconf 86' lang='lat' dir='ltr'><strong>“Mercatum</strong></span> <span class='ocrx_word' id='word_1_46' title='bbox 1044 715 1148 754; x_wconf 81' lang='lat' dir='ltr'><strong>dixit</strong></span> <span class='ocrx_word' id='word_1_47' title='bbox 1182 715 1245 753; x_wconf 80' lang='lat' dir='ltr'><strong>die</strong></span> <span class='ocrx_word' id='word_1_48' title='bbox 1273 729 1357 754; x_wconf 83' lang='lat' dir='ltr'><strong>esse</strong></span> <span class='ocrx_word' id='word_1_49' title='bbox 1386 715 1571 767; x_wconf 54' lang='lat' dir='ltr'><strong>septimi?</strong></span> <span class='ocrx_word' id='word_1_50' title='bbox 1624 715 1721 754; x_wconf 87' lang='lat' dir='ltr'><strong>Aul.</strong></span> 
     </span>
     <span class='ocr_line' id='line_1_7' title="bbox 177 789 1723 842; baseline 0.001 -14"><span class='ocrx_word' id='word_1_51' title='bbox 177 790 319 828; x_wconf 65' lang='lat' dir='ltr'><strong>Gnm„</strong></span> <span class='ocrx_word' id='word_1_52' title='bbox 349 791 398 828; x_wconf 87' lang='lat' dir='ltr'><strong>X.</strong></span> <span class='ocrx_word' id='word_1_53' title='bbox 424 795 489 829; x_wconf 77' lang='lat'><strong>24.</strong></span> <span class='ocrx_word' id='word_1_54' title='bbox 545 789 658 828; x_wconf 79' lang='lat' dir='ltr'><strong>”Die</strong></span> <span class='ocrx_word' id='word_1_55' title='bbox 686 790 811 842; x_wconf 80' lang='lat' dir='ltr'><strong>quinti</strong></span> <span class='ocrx_word' id='word_1_56' title='bbox 845 803 920 842; x_wconf 89' lang='lat' dir='ltr'><strong>pro</strong></span> <span class='ocrx_word' id='word_1_57' title='bbox 951 791 1143 829; x_wconf 82' lang='lat' dir='ltr'><strong>adverbio</strong></span> <span class='ocrx_word' id='word_1_58' title='bbox 1174 790 1357 841; x_wconf 87' lang='lat' dir='ltr'><strong>copulate</strong></span> <span class='ocrx_word' id='word_1_59' title='bbox 1389 790 1543 829; x_wconf 89' lang='lat' dir='ltr'><strong>dictum</strong></span> <span class='ocrx_word' id='word_1_60' title='bbox 1574 796 1646 837; x_wconf 84' lang='lat' dir='ltr'><strong>est,</strong></span> <span class='ocrx_word' id='word_1_61' title='bbox 1682 797 1723 829; x_wconf 86' lang='lat' dir='ltr'><strong>et</strong></span> 
     </span>
     <span class='ocr_line' id='line_1_8' title="bbox 176 865 1719 919; baseline 0.001 -16"><span class='ocrx_word' id='word_1_62' title='bbox 176 866 342 903; x_wconf 74' lang='lat' dir='ltr'><strong>secunda</strong></span> <span class='ocrx_word' id='word_1_63' title='bbox 376 866 414 904; x_wconf 77' lang='lat' dir='ltr'><strong>in</strong></span> <span class='ocrx_word' id='word_1_64' title='bbox 445 879 487 903; x_wconf 86' lang='lat' dir='ltr'><strong>eo</strong></span> <span class='ocrx_word' id='word_1_65' title='bbox 514 865 598 918; x_wconf 77' lang='lat' dir='ltr'><em>syll.</em></span> <span class='ocrx_word' id='word_1_66' title='bbox 628 871 846 919; x_wconf 81' lang='lat' dir='ltr'><strong>correpta.“</strong></span> <span class='ocrx_word' id='word_1_67' title='bbox 900 865 1008 904; x_wconf 90' lang='lat' dir='ltr'><strong>Tum</strong></span> <span class='ocrx_word' id='word_1_68' title='bbox 1038 866 1134 904; x_wconf 83' lang='lat' dir='ltr'><strong>citat</strong></span> <span class='ocrx_word' id='word_1_69' title='bbox 1162 865 1339 904; x_wconf 85' lang='lat' dir='ltr'><strong>solennia</strong></span> <span class='ocrx_word' id='word_1_70' title='bbox 1368 865 1553 904; x_wconf 83' lang='lat' dir='ltr'><strong>Praetoris</strong></span> <span class='ocrx_word' id='word_1_71' title='bbox 1585 866 1719 911; x_wconf 86' lang='lat' dir='ltr'><strong>verba,</strong></span> 
     </span>
     <span class='ocr_line' id='line_1_9' title="bbox 181 938 1720 993; baseline 0.001 -17"><span class='ocrx_word' id='word_1_72' title='bbox 181 938 258 976; x_wconf 84' lang='lat' dir='ltr'><strong>Die</strong></span> <span class='ocrx_word' id='word_1_73' title='bbox 283 938 388 977; x_wconf 80' lang='lat' dir='ltr'><strong>Noni</strong></span> <span class='ocrx_word' id='word_1_74' title='bbox 411 939 507 991; x_wconf 87' lang='lat' dir='ltr'><strong>Pop.</strong></span> <span class='ocrx_word' id='word_1_75' title='bbox 534 939 643 978; x_wconf 82' lang='lat' dir='ltr'><strong>Rom.</strong></span> <span class='ocrx_word' id='word_1_76' title='bbox 670 939 782 983; x_wconf 79' lang='lat' dir='ltr'><strong>Quir.</strong></span> <span class='ocrx_word' id='word_1_77' title='bbox 814 939 1045 993; x_wconf 81' lang='lat' dir='ltr'><strong>Compitalia</strong></span> <span class='ocrx_word' id='word_1_78' title='bbox 1075 944 1213 978; x_wconf 84' lang='lat' dir='ltr'><strong>erunt:</strong></span> <span class='ocrx_word' id='word_1_79' title='bbox 1243 939 1349 978; x_wconf 89' lang='lat' dir='ltr'><strong>”ubi</strong></span> <span class='ocrx_word' id='word_1_80' title='bbox 1374 939 1436 977; x_wconf 80' lang='lat' dir='ltr'><strong>die</strong></span> <span class='ocrx_word' id='word_1_81' title='bbox 1458 939 1548 978; x_wconf 82' lang='lat' dir='ltr'><strong>noni</strong></span> <span class='ocrx_word' id='word_1_82' title='bbox 1572 946 1720 992; x_wconf 87' lang='lat' dir='ltr'><strong>praetor</strong></span> 
     </span>
     <span class='ocr_line' id='line_1_10' title="bbox 175 1012 1720 1066; baseline 0.001 -16"><span class='ocrx_word' id='word_1_83' title='bbox 175 1012 288 1058; x_wconf 87' lang='lat' dir='ltr'><strong>dicit,</strong></span> <span class='ocrx_word' id='word_1_84' title='bbox 330 1026 409 1051; x_wconf 90' lang='lat' dir='ltr'><strong>non</strong></span> <span class='ocrx_word' id='word_1_85' title='bbox 446 1013 508 1051; x_wconf 80' lang='lat' dir='ltr'><strong>die</strong></span> <span class='ocrx_word' id='word_1_86' title='bbox 550 1027 655 1052; x_wconf 86' lang='lat' dir='ltr'><strong>nono.</strong></span> <span class='ocrx_word' id='word_1_87' title='bbox 726 1015 868 1065; x_wconf 91' lang='lat' dir='ltr'><strong>Neque</strong></span> <span class='ocrx_word' id='word_1_88' title='bbox 903 1021 1051 1066; x_wconf 88' lang='lat' dir='ltr'><strong>praetor</strong></span> <span class='ocrx_word' id='word_1_89' title='bbox 1088 1014 1215 1052; x_wconf 88' lang='lat' dir='ltr'><strong>solum</strong></span> <span class='ocrx_word' id='word_1_90' title='bbox 1258 1013 1328 1052; x_wconf 86' lang='lat' dir='ltr'><strong>sed</strong></span> <span class='ocrx_word' id='word_1_91' title='bbox 1364 1013 1556 1065; x_wconf 80' lang='lat' dir='ltr'><strong>pleraque</strong></span> <span class='ocrx_word' id='word_1_92' title='bbox 1591 1014 1720 1052; x_wconf 76' lang='lat' dir='ltr'><strong>omnis</strong></span> 
     </span>
     <span class='ocr_line' id='line_1_11' title="bbox 176 1087 1720 1140; baseline 0 -14"><span class='ocrx_word' id='word_1_93' title='bbox 176 1094 352 1126; x_wconf 78' lang='lat' dir='ltr'><strong>vetustas</strong></span> <span class='ocrx_word' id='word_1_94' title='bbox 378 1089 436 1128; x_wconf 83' lang='lat' dir='ltr'><strong>sic</strong></span> <span class='ocrx_word' id='word_1_95' title='bbox 463 1089 596 1127; x_wconf 83' lang='lat' dir='ltr'><strong>locuta</strong></span> <span class='ocrx_word' id='word_1_96' title='bbox 622 1096 691 1128; x_wconf 87' lang='lat' dir='ltr'><strong>est.</strong></span> <span class='ocrx_word' id='word_1_97' title='bbox 747 1089 887 1128; x_wconf 86' lang='lat' dir='ltr'><strong>Caecil:</strong></span> <span class='ocrx_word' id='word_1_98' title='bbox 924 1088 1030 1127; x_wconf 85' lang='lat' dir='ltr'><strong>Hist.</strong></span> <span class='ocrx_word' id='word_1_99' title='bbox 1059 1088 1150 1127; x_wconf 86' lang='lat' dir='ltr'><strong>Lib.</strong></span> <span class='ocrx_word' id='word_1_100' title='bbox 1179 1088 1235 1126; x_wconf 89' lang='lat'><strong>11.</strong></span> <span class='ocrx_word' id='word_1_101' title='bbox 1291 1087 1408 1126; x_wconf 82' lang='lat' dir='ltr'><strong>“Die</strong></span> <span class='ocrx_word' id='word_1_102' title='bbox 1434 1088 1560 1140; x_wconf 76' lang='lat' dir='ltr'><strong>quinti</strong></span> <span class='ocrx_word' id='word_1_103' title='bbox 1590 1088 1720 1127; x_wconf 83' lang='lat' dir='ltr'><strong>Romoe</strong></span> 
     </span>
     <span class='ocr_line' id='line_1_12' title="bbox 174 1163 1718 1216; baseline 0.002 -16"><span class='ocrx_word' id='word_1_104' title='bbox 174 1163 321 1201; x_wconf 81' lang='lat' dir='ltr'><strong>curabo</strong></span> <span class='ocrx_word' id='word_1_105' title='bbox 345 1164 413 1202; x_wconf 81' lang='lat' dir='ltr'><strong>tibi</strong></span> <span class='ocrx_word' id='word_1_106' title='bbox 436 1178 542 1202; x_wconf 73' lang='lat' dir='ltr'><strong>coena</strong></span> <span class='ocrx_word' id='word_1_107' title='bbox 570 1164 620 1202; x_wconf 74' lang='lat' dir='ltr'><strong>sit</strong></span> <span class='ocrx_word' id='word_1_108' title='bbox 643 1166 786 1202; x_wconf 82' lang='lat' dir='ltr'><strong>cocta.’&#39;</strong></span> <span class='ocrx_word' id='word_1_109' title='bbox 842 1164 921 1202; x_wconf 82' lang='lat' dir='ltr'><strong>Die</strong></span> <span class='ocrx_word' id='word_1_110' title='bbox 942 1163 1102 1216; x_wconf 68' lang='lat' dir='ltr'><strong>pristini</strong></span> <span class='ocrx_word' id='word_1_111' title='bbox 1125 1177 1288 1215; x_wconf 88' lang='lat' dir='ltr'><strong>quoque</strong></span> <span class='ocrx_word' id='word_1_112' title='bbox 1308 1164 1448 1203; x_wconf 90' lang='lat' dir='ltr'><strong>eodem</strong></span> <span class='ocrx_word' id='word_1_113' title='bbox 1473 1164 1593 1202; x_wconf 89' lang='lat' dir='ltr'><strong>modo</strong></span> <span class='ocrx_word' id='word_1_114' title='bbox 1612 1164 1718 1203; x_wconf 85' lang='lat' dir='ltr'><strong>dice-</strong></span> 
     </span>
     <span class='ocr_line' id='line_1_13' title="bbox 175 1238 1719 1290; baseline 0 -14"><span class='ocrx_word' id='word_1_115' title='bbox 175 1238 314 1276; x_wconf 72' lang='lat' dir='ltr'><strong>baturz</strong></span> <span class='ocrx_word' id='word_1_116' title='bbox 344 1238 453 1289; x_wconf 89' lang='lat' dir='ltr'><strong>quod</strong></span> <span class='ocrx_word' id='word_1_117' title='bbox 473 1238 722 1289; x_wconf 81' lang='lat' dir='ltr'><strong>significabat</strong></span> <span class='ocrx_word' id='word_1_118' title='bbox 739 1239 800 1276; x_wconf 79' lang='lat' dir='ltr'><strong>die</strong></span> <span class='ocrx_word' id='word_1_119' title='bbox 819 1238 1001 1290; x_wconf 78' lang='lat' dir='ltr'><strong>pristino,</strong></span> <span class='ocrx_word' id='word_1_120' title='bbox 1021 1238 1046 1275; x_wconf 89' lang='lat' dir='ltr'><strong>i.</strong></span> <span class='ocrx_word' id='word_1_121' title='bbox 1065 1252 1098 1277; x_wconf 89' lang='lat' dir='ltr'><strong>e.</strong></span> <span class='ocrx_word' id='word_1_122' title='bbox 1117 1238 1261 1290; x_wconf 82' lang='lat' dir='ltr'><strong>priore.</strong></span> <span class='ocrx_word' id='word_1_123' title='bbox 1315 1238 1454 1290; x_wconf 81' lang='lat' dir='ltr'><strong>Atque</strong></span> <span class='ocrx_word' id='word_1_124' title='bbox 1480 1238 1577 1277; x_wconf 89' lang='lat' dir='ltr'><strong>item</strong></span> <span class='ocrx_word' id='word_1_125' title='bbox 1601 1238 1719 1277; x_wconf 89' lang='lat' dir='ltr'><strong>simili</strong></span> 
     </span>
     <span class='ocr_line' id='line_1_14' title="bbox 175 1296 1719 1364; baseline 0.001 -15"><span class='ocrx_word' id='word_1_126' title='bbox 175 1312 306 1363; x_wconf 84' lang='lat' dir='ltr'><strong>figura</strong></span> <span class='ocrx_word' id='word_1_127' title='bbox 328 1311 391 1350; x_wconf 82' lang='lat' dir='ltr'><strong>die</strong></span> <span class='ocrx_word' id='word_1_128' title='bbox 414 1311 578 1350; x_wconf 78' lang='lat' dir='ltr'><strong>crastini</strong></span> <span class='ocrx_word' id='word_1_129' title='bbox 602 1312 741 1363; x_wconf 88' lang='lat' dir='ltr'><strong>[Nost.</strong></span> <span class='ocrx_word' id='word_1_130' title='bbox 773 1296 945 1351; x_wconf 80' lang='lat' dir='ltr'><strong>Mostell.</strong></span> <span class='ocrx_word' id='word_1_131' title='bbox 971 1313 1083 1364; x_wconf 53' lang='lat'>884]</span> <span class='ocrx_word' id='word_1_132' title='bbox 1105 1312 1322 1352; x_wconf 81' lang='lat' dir='ltr'><strong>dicebatur.</strong></span> <span class='ocrx_word' id='word_1_133' title='bbox 1345 1312 1371 1350; x_wconf 89' lang='lat' dir='ltr'><strong>i.</strong></span> <span class='ocrx_word' id='word_1_134' title='bbox 1391 1326 1425 1351; x_wconf 93' lang='lat' dir='ltr'><strong>e.</strong></span> <span class='ocrx_word' id='word_1_135' title='bbox 1451 1312 1620 1351; x_wconf 77' lang='lat' dir='ltr'><strong>crastino</strong></span> <span class='ocrx_word' id='word_1_136' title='bbox 1647 1313 1719 1352; x_wconf 83' lang='lat' dir='ltr'><strong>die.</strong></span> 
     </span>
     <span class='ocr_line' id='line_1_15' title="bbox 174 1386 1720 1440; baseline 0.001 -16"><span class='ocrx_word' id='word_1_137' title='bbox 174 1386 407 1425; x_wconf 86' lang='lat' dir='ltr'><strong>Sacerdotes</strong></span> <span class='ocrx_word' id='word_1_138' title='bbox 439 1400 601 1438; x_wconf 89' lang='lat' dir='ltr'><strong>quoque</strong></span> <span class='ocrx_word' id='word_1_139' title='bbox 629 1400 722 1425; x_wconf 88' lang='lat' dir='ltr'><strong>cum</strong></span> <span class='ocrx_word' id='word_1_140' title='bbox 750 1387 968 1425; x_wconf 89' lang='lat' dir='ltr'><strong>condicunt</strong></span> <span class='ocrx_word' id='word_1_141' title='bbox 991 1387 1034 1425; x_wconf 91' lang='lat' dir='ltr'><strong>in</strong></span> <span class='ocrx_word' id='word_1_142' title='bbox 1057 1387 1163 1425; x_wconf 89' lang='lat' dir='ltr'><strong>diem</strong></span> <span class='ocrx_word' id='word_1_143' title='bbox 1188 1386 1366 1433; x_wconf 81' lang='lat' dir='ltr'><strong>tertium,</strong></span> <span class='ocrx_word' id='word_1_144' title='bbox 1398 1386 1495 1426; x_wconf 83' lang='lat' dir='ltr'><strong>diem</strong></span> <span class='ocrx_word' id='word_1_145' title='bbox 1517 1387 1720 1440; x_wconf 77' lang='lat' dir='ltr'><strong>perendim&#39;</strong></span> 
     </span>
     <span class='ocr_line' id='line_1_16' title="bbox 173 1460 1721 1514; baseline 0.001 -16"><span class='ocrx_word' id='word_1_146' title='bbox 173 1460 327 1498; x_wconf 85' lang='lat' dir='ltr'><strong>dicunt.</strong></span> <span class='ocrx_word' id='word_1_147' title='bbox 383 1460 444 1498; x_wconf 82' lang='lat' dir='ltr'><strong>Ita</strong></span> <span class='ocrx_word' id='word_1_148' title='bbox 474 1461 530 1498; x_wconf 84' lang='grc' dir='ltr'><strong>Μ.</strong></span> <span class='ocrx_word' id='word_1_149' title='bbox 550 1460 649 1498; x_wconf 85' lang='lat' dir='ltr'><strong>Cato</strong></span> <span class='ocrx_word' id='word_1_150' title='bbox 673 1460 715 1498; x_wconf 86' lang='lat' dir='ltr'><strong>in</strong></span> <span class='ocrx_word' id='word_1_151' title='bbox 743 1461 918 1499; x_wconf 88' lang='lat' dir='ltr'><strong>oratione</strong></span> <span class='ocrx_word' id='word_1_152' title='bbox 946 1467 1082 1499; x_wconf 86' lang='lat' dir='ltr'><strong>contra</strong></span> <span class='ocrx_word' id='word_1_153' title='bbox 1110 1461 1279 1499; x_wconf 87' lang='lat' dir='ltr'><strong>Furium</strong></span> <span class='ocrx_word' id='word_1_154' title='bbox 1304 1461 1367 1499; x_wconf 78' lang='lat' dir='ltr'><strong>die</strong></span> <span class='ocrx_word' id='word_1_155' title='bbox 1386 1462 1551 1514; x_wconf 68' lang='lat' dir='ltr'><strong>proximi</strong></span> <span class='ocrx_word' id='word_1_156' title='bbox 1575 1461 1721 1500; x_wconf 83' lang='lat' dir='ltr'><strong>dixit.“</strong></span> 
     </span>
     <span class='ocr_line' id='line_1_17' title="bbox 172 1536 1720 1588; baseline 0.002 -14"><span class='ocrx_word' id='word_1_157' title='bbox 172 1536 283 1574; x_wconf 84' lang='lat' dir='ltr'><strong>Citat</strong></span> <span class='ocrx_word' id='word_1_158' title='bbox 315 1536 460 1574; x_wconf 72' lang='lat' dir='ltr'>LAMB:</span> <span class='ocrx_word' id='word_1_159' title='bbox 499 1536 541 1574; x_wconf 90' lang='lat' dir='ltr'><strong>in</strong></span> <span class='ocrx_word' id='word_1_160' title='bbox 568 1536 642 1574; x_wconf 88' lang='lat' dir='ltr'><strong>loc.</strong></span> <span class='ocrx_word' id='word_1_161' title='bbox 675 1536 846 1575; x_wconf 77' lang='lat' dir='ltr'><strong>Mostell.</strong></span> <span class='ocrx_word' id='word_1_162' title='bbox 876 1536 996 1574; x_wconf 89' lang='lat' dir='ltr'><strong>Non:</strong></span> <span class='ocrx_word' id='word_1_163' title='bbox 1037 1536 1134 1588; x_wconf 80' lang='lat' dir='ltr'><strong>Cap.</strong></span> <span class='ocrx_word' id='word_1_164' title='bbox 1162 1537 1216 1574; x_wconf 90' lang='lat' dir='ltr'><strong>Il.</strong></span> <span class='ocrx_word' id='word_1_165' title='bbox 1245 1536 1333 1576; x_wconf 88' lang='lat'><strong>650.</strong></span> <span class='ocrx_word' id='word_1_166' title='bbox 1388 1536 1612 1584; x_wconf 67' lang='lat' dir='ltr'><strong>”Proeimi,</strong></span> <span class='ocrx_word' id='word_1_167' title='bbox 1644 1536 1670 1575; x_wconf 89' lang='lat' dir='ltr'><strong>i.</strong></span> <span class='ocrx_word' id='word_1_168' title='bbox 1685 1550 1720 1577; x_wconf 87' lang='lat' dir='ltr'><strong>e.</strong></span> 
     </span>
     <span class='ocr_line' id='line_1_18' title="bbox 172 1610 1718 1664; baseline 0.001 -16"><span class='ocrx_word' id='word_1_169' title='bbox 172 1610 375 1662; x_wconf 83' lang='lat' dir='ltr'><strong>proximo:</strong></span> <span class='ocrx_word' id='word_1_170' title='bbox 405 1624 450 1649; x_wconf 84' lang='lat' dir='ltr'><strong>ea</strong></span> <span class='ocrx_word' id='word_1_171' title='bbox 474 1610 738 1649; x_wconf 85' lang='lat' dir='ltr'><strong>declinatione</strong></span> <span class='ocrx_word' id='word_1_172' title='bbox 760 1624 783 1649; x_wconf 83' lang='lat' dir='ltr'>a</span> <span class='ocrx_word' id='word_1_173' title='bbox 801 1611 1004 1650; x_wconf 87' lang='lat' dir='ltr'><strong>veteribus</strong></span> <span class='ocrx_word' id='word_1_174' title='bbox 1029 1618 1069 1650; x_wconf 94' lang='lat' dir='ltr'><strong>et</strong></span> <span class='ocrx_word' id='word_1_175' title='bbox 1084 1611 1259 1657; x_wconf 77' lang='lat' dir='ltr'><strong>crastini,</strong></span> <span class='ocrx_word' id='word_1_176' title='bbox 1288 1618 1329 1650; x_wconf 92' lang='lat' dir='ltr'><strong>et</strong></span> <span class='ocrx_word' id='word_1_177' title='bbox 1350 1611 1525 1664; x_wconf 80' lang='lat' dir='ltr'><strong>pristini,</strong></span> <span class='ocrx_word' id='word_1_178' title='bbox 1553 1619 1594 1650; x_wconf 92' lang='lat' dir='ltr'><strong>et</strong></span> <span class='ocrx_word' id='word_1_179' title='bbox 1612 1624 1718 1664; x_wconf 84' lang='lat' dir='ltr'><em>proe-</em></span> 
     </span>
     <span class='ocr_line' id='line_1_19' title="bbox 170 1684 1719 1739; baseline 0.003 -16"><span class='ocrx_word' id='word_1_180' title='bbox 170 1684 333 1737; x_wconf 80' lang='lat' dir='ltr'><strong>pristini</strong></span> <span class='ocrx_word' id='word_1_181' title='bbox 361 1685 553 1725; x_wconf 82' lang='lat' dir='ltr'><strong>dictum.“</strong></span> <span class='ocrx_word' id='word_1_182' title='bbox 588 1685 835 1737; x_wconf 85' lang='lat' dir='ltr'><strong>Intelligitur</strong></span> <span class='ocrx_word' id='word_1_183' title='bbox 853 1686 925 1737; x_wconf 86' lang='lat' dir='ltr'><strong>(ait</strong></span> <span class='ocrx_word' id='word_1_184' title='bbox 944 1686 1067 1725; x_wconf 73' lang='lat' dir='ltr'><strong>Gnon</strong></span> <span class='ocrx_word' id='word_1_185' title='bbox 1080 1686 1173 1739; x_wconf 33' lang='lat' dir='ltr'><strong>t).in</strong></span> <span class='ocrx_word' id='word_1_186' title='bbox 1196 1685 1259 1724; x_wconf 87' lang='lat' dir='ltr'><strong>his</strong></span> <span class='ocrx_word' id='word_1_187' title='bbox 1277 1687 1464 1726; x_wconf 90' lang='lat' dir='ltr'><strong>omnibus</strong></span> <span class='ocrx_word' id='word_1_188' title='bbox 1479 1686 1719 1727; x_wconf 61' lang='grc' dir='ltr'><strong>ἐλλείπτικῶς·</strong></span> 
     </span>
     <span class='ocr_line' id='line_1_20' title="bbox 172 1760 1159 1813; baseline 0.001 -14"><span class='ocrx_word' id='word_1_189' title='bbox 172 1761 227 1799; x_wconf 60' lang='lat' dir='ltr'><strong>vo*</strong></span> <span class='ocrx_word' id='word_1_190' title='bbox 243 1761 355 1804; x_wconf 68' lang='lat' dir='ltr'><strong>solis,-</strong></span> <span class='ocrx_word' id='word_1_191' title='bbox 385 1768 431 1800; x_wconf 88' lang='lat' dir='ltr'><strong>ut</strong></span> <span class='ocrx_word' id='word_1_192' title='bbox 448 1761 603 1812; x_wconf 84' lang='lat' dir='ltr'><strong>integre</strong></span> <span class='ocrx_word' id='word_1_193' title='bbox 623 1761 686 1807; x_wconf 86' lang='lat' dir='ltr'><strong>sit,</strong></span> <span class='ocrx_word' id='word_1_194' title='bbox 714 1760 777 1799; x_wconf 75' lang='lat' dir='ltr'><strong>die</strong></span> <span class='ocrx_word' id='word_1_195' title='bbox 795 1760 946 1813; x_wconf 70' lang='lat' dir='ltr'><strong>septimi</strong></span> <span class='ocrx_word' id='word_1_196' title='bbox 962 1761 1066 1800; x_wconf 76' lang='lat' dir='ltr'><strong>solis.</strong></span> <span class='ocrx_word' id='word_1_197' title='bbox 1087 1763 1159 1801; x_wconf 76' lang='lat' dir='ltr'><strong>&amp;c-</strong></span> 
     </span>
    </p>
   </div>
   <div class='ocr_carea' id='block_1_4' title="bbox 171 1877 1716 2087">
    <p class='ocr_par' dir='ltr' id='par_1_4' title="bbox 171 1877 1716 2087">
     <span class='ocr_line' id='line_1_21' title="bbox 250 1877 1713 1941; baseline 0.001 -19"><span class='ocrx_word' id='word_1_198' title='bbox 250 1888 362 1922; x_wconf 76' lang='lat'><strong>1052.</strong></span> <span class='ocrx_word' id='word_1_199' title='bbox 428 1877 581 1936; x_wconf 85' lang='lat' dir='ltr'><strong>Mane</strong></span> <span class='ocrx_word' id='word_1_200' title='bbox 609 1877 837 1941; x_wconf 60' lang='lat' dir='ltr'><strong>septimi]</strong></span> <span class='ocrx_word' id='word_1_201' title='bbox 896 1882 966 1923; x_wconf 83' lang='lat' dir='ltr'><strong>On</strong></span> <span class='ocrx_word' id='word_1_202' title='bbox 1002 1882 1073 1923; x_wconf 73' lang='lat' dir='ltr'><strong>the</strong></span> <span class='ocrx_word' id='word_1_203' title='bbox 1108 1883 1317 1938; x_wconf 80' lang='lat' dir='ltr'><strong>morning</strong></span> <span class='ocrx_word' id='word_1_204' title='bbox 1345 1884 1399 1939; x_wconf 87' lang='lat' dir='ltr'><strong>of</strong></span> <span class='ocrx_word' id='word_1_205' title='bbox 1422 1885 1495 1925; x_wconf 74' lang='lat' dir='ltr'><strong>the</strong></span> <span class='ocrx_word' id='word_1_206' title='bbox 1523 1886 1713 1927; x_wconf 72' lang='lat' dir='ltr'><strong>seventlt.</strong></span> 
     </span>
     <span class='ocr_line' id='line_1_22' title="bbox 173 1960 1716 2012; baseline 0.001 -13"><span class='ocrx_word' id='word_1_207' title='bbox 173 1961 227 1999; x_wconf 76' lang='lat' dir='ltr'><strong>A.</strong></span> <span class='ocrx_word' id='word_1_208' title='bbox 252 1960 359 1999; x_wconf 87' lang='lat' dir='ltr'><strong>Hirt.</strong></span> <span class='ocrx_word' id='word_1_209' title='bbox 385 1960 486 2000; x_wconf 85' lang='lat' dir='ltr'><strong>Ben.</strong></span> <span class='ocrx_word' id='word_1_210' title='bbox 509 1960 598 1998; x_wconf 86' lang='lat' dir='ltr'><strong>Afr.</strong></span> <span class='ocrx_word' id='word_1_211' title='bbox 624 1961 719 2012; x_wconf 91' lang='lat' dir='ltr'><strong>Cap.</strong></span> <span class='ocrx_word' id='word_1_212' title='bbox 740 1965 802 1999; x_wconf 77' lang='lat'><strong>42.</strong></span> <span class='ocrx_word' id='word_1_213' title='bbox 857 1966 884 1982; x_wconf 91' lang='lat'><em>“</em></span> <span class='ocrx_word' id='word_1_214' title='bbox 898 1960 1037 2007; x_wconf 89' lang='lat' dir='ltr'><strong>Quum</strong></span> <span class='ocrx_word' id='word_1_215' title='bbox 1060 1960 1206 2000; x_wconf 80' lang='lat' dir='ltr'><strong>milites</strong></span> <span class='ocrx_word' id='word_1_216' title='bbox 1229 1976 1254 2000; x_wconf 83' lang='lat' dir='ltr'>a</span> <span class='ocrx_word' id='word_1_217' title='bbox 1270 1975 1381 2000; x_wconf 78' lang='lat' dir='ltr'><strong>mane</strong></span> <span class='ocrx_word' id='word_1_218' title='bbox 1403 1962 1482 2000; x_wconf 77' lang='lat' dir='ltr'><strong>diez·</strong></span> <span class='ocrx_word' id='word_1_219' title='bbox 1502 1964 1578 2002; x_wconf 86' lang='lat' dir='ltr'><strong>sub</strong></span> <span class='ocrx_word' id='word_1_220' title='bbox 1596 1963 1716 2001; x_wconf 77' lang='lat' dir='ltr'><strong>armis</strong></span> 
     </span>
     <span class='ocr_line' id='line_1_23' title="bbox 171 2035 922 2087; baseline -0.005 -12"><span class='ocrx_word' id='word_1_221' title='bbox 171 2035 408 2075; x_wconf 73' lang='lat' dir='ltr'><strong>stetissent-&#39;⁸</strong></span> <span class='ocrx_word' id='word_1_222' title='bbox 462 2035 568 2074; x_wconf 85' lang='lat' dir='ltr'><strong>Vide</strong></span> <span class='ocrx_word' id='word_1_223' title='bbox 586 2035 628 2073; x_wconf 89' lang='lat' dir='ltr'><strong>in</strong></span> <span class='ocrx_word' id='word_1_224' title='bbox 647 2048 732 2074; x_wconf 85' lang='lat' dir='ltr'><strong>voc.</strong></span> <span class='ocrx_word' id='word_1_225' title='bbox 752 2035 922 2087; x_wconf 84' lang='lat' dir='ltr'><strong>praeoed.</strong></span> 
     </span>
    </p>
   </div>
   <div class='ocr_carea' id='block_1_5' title="bbox 248 2155 1622 2361">
    <p class='ocr_par' dir='ltr' id='par_1_5' title="bbox 248 2155 1622 2361">
     <span class='ocr_line' id='line_1_24' title="bbox 267 2155 980 2217; baseline -0.01 -11"><span class='ocrx_word' id='word_1_226' title='bbox 267 2187 334 2197; x_wconf 92' lang='lat'><strong>—-</strong></span> <span class='ocrx_word' id='word_1_227' title='bbox 422 2155 590 2217; x_wconf 65' lang='lat' dir='ltr'><strong>Sane]</strong></span> <span class='ocrx_word' id='word_1_228' title='bbox 658 2160 852 2202; x_wconf 73' lang='lat' dir='ltr'><strong>Without</strong></span> <span class='ocrx_word' id='word_1_229' title='bbox 872 2160 980 2215; x_wconf 77' lang='lat' dir='ltr'><strong>fail.</strong></span> 
     </span>
     <span class='ocr_line' id='line_1_25' title="bbox 248 2292 1622 2361; baseline 0.001 -20"><span class='ocrx_word' id='word_1_230' title='bbox 248 2306 360 2341; x_wconf 76' lang='lat'><strong>¹053.</strong></span> <span class='ocrx_word' id='word_1_231' title='bbox 425 2292 695 2361; x_wconf 64' lang='lat' dir='ltr'><strong>supellex]</strong></span> <span class='ocrx_word' id='word_1_232' title='bbox 753 2303 815 2343; x_wconf 90' lang='lat' dir='ltr'><strong>De</strong></span> <span class='ocrx_word' id='word_1_233' title='bbox 842 2304 917 2343; x_wconf 87' lang='lat' dir='ltr'><strong>hac</strong></span> <span class='ocrx_word' id='word_1_234' title='bbox 945 2314 1041 2344; x_wconf 83' lang='lat' dir='ltr'><strong>voce</strong></span> <span class='ocrx_word' id='word_1_235' title='bbox 1069 2304 1173 2344; x_wconf 89' lang='lat' dir='ltr'><strong>Vide</strong></span> <span class='ocrx_word' id='word_1_236' title='bbox 1200 2305 1331 2356; x_wconf 83' lang='lat' dir='ltr'><strong>Supra</strong></span> <span class='ocrx_word' id='word_1_237' title='bbox 1354 2310 1445 2344; x_wconf 80' lang='lat'><strong>313.</strong></span> <span class='ocrx_word' id='word_1_238' title='bbox 1492 2305 1622 2343; x_wconf 84' lang='lat' dir='ltr'><strong>Gloss.</strong></span> 
     </span>
    </p>
   </div>
   <div class='ocr_carea' id='block_1_6' title="bbox 173 2433 1712 2569">
    <p class='ocr_par' dir='ltr' id='par_1_6' title="bbox 173 2433 1712 2569">
     <span class='ocr_line' id='line_1_26' title="bbox 252 2433 1712 2498; baseline 0.003 -21"><span class='ocrx_word' id='word_1_239' title='bbox 252 2445 363 2478; x_wconf 79' lang='lat'><strong>1054.</strong></span> <span class='ocrx_word' id='word_1_240' title='bbox 427 2434 608 2498; x_wconf 85' lang='lat' dir='ltr'><strong>Quiqui</strong></span> <span class='ocrx_word' id='word_1_241' title='bbox 639 2433 889 2496; x_wconf 83' lang='lat' dir='ltr'><strong>licebunt.]</strong></span> <span class='ocrx_word' id='word_1_242' title='bbox 951 2438 1042 2479; x_wconf 84' lang='lat' dir='ltr'><strong>For</strong></span> <span class='ocrx_word' id='word_1_243' title='bbox 1079 2440 1296 2480; x_wconf 78' lang='lat' dir='ltr'><strong>whatever</strong></span> <span class='ocrx_word' id='word_1_244' title='bbox 1326 2439 1427 2492; x_wconf 76' lang='lat' dir='ltr'><strong>they</strong></span> <span class='ocrx_word' id='word_1_245' title='bbox 1459 2440 1551 2480; x_wconf 78' lang='lat' dir='ltr'><strong>will</strong></span> <span class='ocrx_word' id='word_1_246' title='bbox 1574 2440 1712 2494; x_wconf 66' lang='lat' dir='ltr'><strong>fetclt.</strong></span> 
     </span>
     <span class='ocr_line' id='line_1_27' title="bbox 173 2514 1533 2569; baseline 0.001 -16"><span class='ocrx_word' id='word_1_247' title='bbox 173 2514 281 2554; x_wconf 89' lang='lat' dir='ltr'><strong>Vide</strong></span> <span class='ocrx_word' id='word_1_248' title='bbox 308 2516 439 2567; x_wconf 82' lang='lat' dir='ltr'><strong>Supra</strong></span> <span class='ocrx_word' id='word_1_249' title='bbox 466 2521 552 2562; x_wconf 75' lang='lat'><strong>449.</strong></span> <span class='ocrx_word' id='word_1_250' title='bbox 608 2515 751 2568; x_wconf 63' lang='lat' dir='ltr'><strong>Quique·</strong></span> <span class='ocrx_word' id='word_1_251' title='bbox 777 2523 912 2555; x_wconf 82' lang='lat' dir='ltr'><strong>autem</strong></span> <span class='ocrx_word' id='word_1_252' title='bbox 939 2523 999 2556; x_wconf 81' lang='lat' dir='ltr'><strong>est</strong></span> <span class='ocrx_word' id='word_1_253' title='bbox 1025 2517 1142 2556; x_wconf 82' lang='lat' dir='ltr'><strong>ablat.</strong></span> <span class='ocrx_word' id='word_1_254' title='bbox 1172 2525 1247 2556; x_wconf 82' lang='lat' dir='ltr'><strong>vet.</strong></span> <span class='ocrx_word' id='word_1_255' title='bbox 1274 2531 1349 2569; x_wconf 87' lang='lat' dir='ltr'><strong>pro</strong></span> <span class='ocrx_word' id='word_1_256' title='bbox 1362 2531 1533 2569; x_wconf 65' lang='lat' dir='ltr'><strong>quoquo.</strong></span> 
     </span>
    </p>
   </div>
   <div class='ocr_carea' id='block_1_7' title="bbox 170 2630 1714 2770">
    <p class='ocr_par' dir='ltr' id='par_1_7' title="bbox 170 2630 1714 2770">
     <span class='ocr_line' id='line_1_28' title="bbox 270 2630 1712 2695; baseline 0 -17"><span class='ocrx_word' id='word_1_257' title='bbox 270 2661 338 2669; x_wconf 91' lang='lat'><strong>—</strong></span> <span class='ocrx_word' id='word_1_258' title='bbox 419 2630 653 2679; x_wconf 83' lang='lat' dir='ltr'><strong>Praesenti</strong></span> <span class='ocrx_word' id='word_1_259' title='bbox 681 2631 916 2695; x_wconf 61' lang='lat' dir='ltr'><strong>pecunia]</strong></span> <span class='ocrx_word' id='word_1_260' title='bbox 972 2639 1055 2678; x_wconf 86' lang='lat' dir='ltr'><strong>Cic.</strong></span> <span class='ocrx_word' id='word_1_261' title='bbox 1089 2641 1173 2677; x_wconf 83' lang='lat' dir='ltr'><strong>Att.</strong></span> <span class='ocrx_word' id='word_1_262' title='bbox 1202 2639 1259 2677; x_wconf 90' lang='lat'><strong>11.</strong></span> <span class='ocrx_word' id='word_1_263' title='bbox 1289 2652 1346 2677; x_wconf 90' lang='lat' dir='ltr'><strong>1v.</strong></span> <span class='ocrx_word' id='word_1_264' title='bbox 1402 2640 1521 2678; x_wconf 83' lang='lat' dir='ltr'><strong>“Pro</strong></span> <span class='ocrx_word' id='word_1_265' title='bbox 1558 2654 1605 2678; x_wconf 83' lang='lat' dir='ltr'><strong>ea</strong></span> <span class='ocrx_word' id='word_1_266' title='bbox 1638 2640 1712 2678; x_wconf 81' lang='lat' dir='ltr'><strong>tibi</strong></span> 
     </span>
     <span class='ocr_line' id='line_1_29' title="bbox 170 2716 1714 2770; baseline 0.003 -16"><span class='ocrx_word' id='word_1_267' title='bbox 170 2721 397 2768; x_wconf 60' lang='lat' dir='ltr'><strong>praesentem</strong></span> <span class='ocrx_word' id='word_1_268' title='bbox 428 2716 630 2769; x_wconf 75' lang='lat' dir='ltr'><strong>pecuniam</strong></span> <span class='ocrx_word' id='word_1_269' title='bbox 666 2717 764 2757; x_wconf 86' lang='lat' dir='ltr'><strong>solvi</strong></span> <span class='ocrx_word' id='word_1_270' title='bbox 800 2717 1009 2769; x_wconf 86' lang='lat' dir='ltr'><strong>imperavi,</strong></span> <span class='ocrx_word' id='word_1_271' title='bbox 1054 2731 1103 2756; x_wconf 89' lang='lat' dir='ltr'><strong>ne</strong></span> <span class='ocrx_word' id='word_1_272' title='bbox 1138 2724 1182 2756; x_wconf 87' lang='lat' dir='ltr'><strong>tu</strong></span> <span class='ocrx_word' id='word_1_273' title='bbox 1225 2731 1444 2770; x_wconf 87' lang='lat' dir='ltr'><strong>expensum</strong></span> <span class='ocrx_word' id='word_1_274' title='bbox 1482 2719 1714 2759; x_wconf 82' lang='lat' dir='ltr'><strong>muneribus</strong></span> 
     </span>
    </p>
   </div>
   <div class='ocr_carea' id='block_1_8' title="bbox 105 2791 634 2842">
    <p class='ocr_par' dir='ltr' id='par_1_8' title="bbox 105 2791 634 2842">
     <span class='ocr_line' id='line_1_30' title="bbox 105 2791 634 2842; baseline 0.006 -13"><span class='ocrx_word' id='word_1_275' title='bbox 105 2828 117 2842; x_wconf 62' lang='lat'>‚</span> <span class='ocrx_word' id='word_1_276' title='bbox 175 2791 334 2830; x_wconf 81' lang='lat' dir='ltr'><strong>ferres.”</strong></span> <span class='ocrx_word' id='word_1_277' title='bbox 387 2791 493 2831; x_wconf 89' lang='lat' dir='ltr'><strong>Vide</strong></span> <span class='ocrx_word' id='word_1_278' title='bbox 521 2792 634 2832; x_wconf 84' lang='lat' dir='ltr'><strong>Nott.</strong></span> 
     </span>
    </p>
   </div>
  </div>
 </body>
</html>
