1864 3152
173 231 258 274 158
731 230 1147 274 GLOSSARIUM

169 358 316 399 Similis
347 367 407 399 est
439 372 532 398 usus
565 361 636 397 τοῦ
670 359 744 412 γάρ
779 359 889 411 apud
919 359 1075 411 Evang.
1106 360 1205 398 Luc.
1236 358 1397 398 xxm.
1427 364 1491 399 22.
1545 359 1592 397 Τι’
1626 359 1702 410 γάρ

169 433 281 472 «undu
304 434 499 479 ἐποίησενς
559 434 694 487 (Why,
724 433 831 473 what
856 433 936 473 evil
962 434 1057 473 hath
1087 434 1136 473 he
1164 433 1312 483 done?)

248 535 331 569 151-
396 524 461 573 Ei
504 522 594 585 re.]
666 530 776 571 This
807 530 1017 571 business.
1074 534 1135 573 Re
1168 534 1321 586 antiqu.
1356 547 1430 586 pro
1465 533 1533 572 rei.
1588 534 1699 574 Infra

167 610 256 656 667.
276 617 363 656 714.
400 611 511 664 Virg.
531 613 580 651 G.
600 613 635 651 1.
654 618 743 653 208.
779 618 806 635 “
819 612 898 651 Die
915 613 1160 665 somnique.”
1187 612 1276 651 AEn.
1297 612 1369 651 v1.
1387 612 1476 657 876.
1504 619 1527 636 ‘⁶
1543 613 1590 652 In
1609 621 1694 652 tan-

166 695 252 726 tum
270 690 370 741 spe.”
389 702 462 741 pro
478 688 572 741 spei.
611 688 711 727 Hor.
732 688 810 727 Sat.
831 688 863 727 1.
886 701 953 727 ιιι.
971 694 1034 735 95.
1078 693 1105 711 “
1122 688 1346 727 prodiderit
1362 688 1570 727 commissa
1572 689 1696 740 fide.”

167 762 244 803 Ov.
266 764 361 804 Met.
382 764 460 803 111.
478 769 568 804 341.
598 769 626 787 “
639 763 774 802 Prima
777 763 868 815 fide
884 764 1133 803 tentamina?
1166 763 1324 802 videsis
1343 762 1395 801 A.
1423 762 1525 802 Gen.
1541 763 1614 803 1x.
1639 769 1697 803 14⁴

244 863 328 913 152·
394 853 578 915 Istros.]
634 861 797 901 Histriae
826 862 985 907 incolas,
1015 875 1105 913 quae
1134 869 1194 901 est
1222 862 1474 914 Illyricorum
1506 862 1618 914 regio
1645 861 1696 901 ad

165 945 357 979 mmmam
387 941 510 979 Maris
539 940 760 980 Hadriatici
788 953 910 979 oram.
969 939 1102 979 Hodie
1131 936 1281 977 latria.

250 1055 316 1063 —
391 1025 755 1084 Massilienses]
829 1033 1013 1072 Massiliae
1058 1033 1189 1079 cives3
1245 1032 1378 1071 Hodie
1432 1028 1693 1069 Marseilles.

168 1111 436 1151 Narbonensis
463 1111 658 1151 Secundae
685 1111 892 1164 oppidum,
919 1111 968 1150 ad
998 1125 1107 1150 oram
1133 1110 1275 1150 Gallici
1306 1110 1435 1150 Sinus.

237 1230 305 1266 7-
367 1199 594 1262 Illurios.]
652 1208 799 1247 Illuriae
817 1208 1009 1261 populos3
1042 1207 1175 1247 Hodie
1188 1203 1419 1245 Dalmatia
1438 1214 1478 1246 et
1491 1203 1693 1244 Albania.

168 1286 331 1326 Litteris
350 1287 564 1326 Orientalis
582 1288 709 1327 Maris
729 1287 965 1333 Hadriatici,
986 1287 1023 1325 h.
1044 1302 1076 1326 e.
1098 1287 1229 1326 Maris
1248 1286 1402 1339 Superi,
1421 1286 1584 1326 accolas.

243 1385 328 1419 153.
393 1374 534 1423 Mare
581 1374 853 1440 Superum.]
920 1378 1013 1420 The
1048 1378 1259 1420 Adriatic.
1333 1385 1480 1423 Contra
1524 1382 1697 1435 Ifferun·

165 1460 405 1512 appellatum
429 1468 490 1500 est
515 1462 627 1501 Mare
656 1461 924 1513 Tyrrhenum.
980 1461 1109 1500 Simul
1134 1469 1414 1501 commemorat
1441 1462 1553 1513 Virg.
1571 1462 1619 1500 G.
1642 1461 1695 1500 11.

168 1540 253 1574 158.
307 1534 413 1574 “An
439 1549 562 1581 mare,
591 1535 700 1588 quod
726 1550 860 1589 supra,
887 1549 1114 1581 memorem,
1144 1536 1333 1588 quodque
1359 1536 1474 1575 alluit
1499 1535 1607 1587 infra
1620 1536 1666 1574 2²⁹

248 1654 316 1663 -
389 1622 624 1673 Graeciam
658 1623 927 1686 exoticam]
953 1664 959 1671 .
982 1633 1112 1672 Intell.
1142 1632 1279 1685 Major
1304 1631 1487 1675 Groecia;
1524 1645 1614 1683 quae
1638 1639 1699 1671 est

150 1711 299 1772 ‘infima
316 1725 409 1764 pars
430 1711 574 1751 Italiae:
606 1711 712 1751 dicta
729 1713 780 1751 ab
798 1712 847 1750 iis
862 1712 1027 1759 Graecis,
1042 1713 1127 1765 qui,
1141 1713 1246 1752 circa
1260 1712 1432 1764 Trojana
1450 1720 1641 1763 tempora,
1657 1711 1697 1749 in

165 1788 250 1828 haec
268 1788 354 1828 loca
371 1788 697 1841 commigrarunt,
717 1796 758 1828 et
776 1788 947 1827 colonias
966 1788 1157 1840 plurimas
1175 1789 1230 1827 ibi
1249 1788 1525 1828 condiderunt.

251 1903 316 1911 --
392 1870 683 1931 Exoticam]
748 1876 792 1917 F
789 1877 952 1930 oret’gn.
1015 1880 1090 1920 Est
1123 1881 1209 1921 haec
1245 1894 1321 1920 vox
1357 1895 1406 1920 ex
1443 1881 1492 1919 iis
1528 1893 1618 1932 quae
1654 1879 1694 1918 in

164 1960 343 2012 linguam
374 1960 558 1999 Latinam
592 1973 641 1999 ex
674 1960 815 1999 Graeea
849 1960 1047 1999 translatae
1083 1968 1186 2000 sunt.
1243 1961 1300 2000 Ea
1334 1968 1466 2000 autem
1502 1960 1577 1999 hoc
1610 1960 1697 2000 loco

164 2049 260 2075 usus
285 2043 346 2075 est
370 2036 526 2082 Noster,
557 2043 643 2074 tum
673 2035 768 2086 quia
795 2042 879 2074 erat
909 2035 949 2074 in
981 2036 1122 2076 Graeca
1150 2035 1284 2075 fabula
1310 2035 1415 2075 unde
1440 2035 1525 2075 haec
1556 2036 1696 2075 Latine

163 2110 321 2150 reddita
337 2117 396 2150 est
406 2125 419 2157 ;
447 2117 534 2149 tum
552 2110 647 2162 quia
673 2109 882 2158 Messenio,
902 2117 947 2149 ut
973 2109 1142 2157 Siculus,
1162 2110 1301 2150 Graece
1318 2110 1507 2162 loquitur,
1526 2111 1696 2163 ideoque

168 2185 321 2226 ltaliam
346 2184 525 2239 ἐξιτικήν
551 2185 602 2224 de
628 2197 737 2223 more
764 2185 952 2224 nominat.

240 2289 325 2324 155.
389 2278 589 2341 Acum.]
647 2288 723 2327 Pro
750 2289 892 2339 quavis
922 2302 965 2328 re
993 2289 1267 2328 minutissima.
1323 2290 1579 2329 Proverbium
1608 2304 1693 2330 ver-

163 2366 348 2406 naculum
385 2366 480 2406 citat
518 2367 685 2420 lnterpr.
725 2367 899 2407 Britann.
955 2375 966 2391 ‘
989 2367 1067 2407 Yon
1099 2382 1168 2407 arc
1194 2369 1349 2423 secking
1378 2383 1402 2408 a
1435 2370 1560 2409 needle
1591 2370 1630 2409 in
1667 2386 1690 2409 a

164 2441 275 2481 botele
300 2440 350 2493 qs
368 2440 468 2494 hay:

240 2541 325 2604 [56.
391 2536 442 2585 Si
487 2537 768 2603 appareret.]
840 2542 895 2598 Is
932 2544 968 2583 it
1012 2543 1205 2590 arietem·
1263 2556 1375 2585 were
1417 2544 1575 2586 nisime.
1649 2549 1689 2589 Si

162 2631 344 2664 exstaret.
398 2624 519 2665 Truc.
540 2629 628 2665 540.
682 2630 708 2648 “
726 2624 835 2665 Huic
866 2624 936 2665 des
967 2627 1236 2678 quantumvis,
1264 2639 1459 2679 nusquam
1490 2631 1691 2680 apparee.''

240 2715 323 2755 161.
389 2708 666 2772 Praeterea]
719 2715 1099 2773 Thmcesorward.
1156 2721 1243 2759 AEn.
1259 2721 1291 2760 1.
1311 2727 1372 2767 49·
1430 2722 1689 2774 “Quisqunm

162 2810 308 2838 numen
340 2799 511 2839 ,lunonis
542 2799 678 2839 adoret
709 2802 952 2852 praeterear·
1007 2801 1143 2847 (Alter
1172 2800 1281 2852 mie.)
1337 2801 1437 2841 vide
1471 2803 1597 2854 Supra
1627 2802 1690 2841 36,
