<?xml version="1.0" encoding="UTF-8"?>
<!DOCTYPE html PUBLIC "-//W3C//DTD XHTML 1.0 Transitional//EN"
    "http://www.w3.org/TR/xhtml1/DTD/xhtml1-transitional.dtd">
<html xmlns="http://www.w3.org/1999/xhtml" xml:lang="en" lang="en">
 <head>
  <title>
</title>
<meta http-equiv="Content-Type" content="text/html;charset=utf-8" />
  <meta name='ocr-system' content='tesseract 3.04.00' />
  <meta name='ocr-capabilities' content='ocr_page ocr_carea ocr_par ocr_line ocrx_word'/>
</head>
<body>
  <div class='ocr_page' id='page_1' title='image "./captivitrinummus00plauuoft_0412.png"; bbox 0 0 1864 3152; ppageno 0'>
   <div class='ocr_carea' id='block_1_1' title="bbox 232 256 1187 300">
    <p class='ocr_par' dir='ltr' id='par_1_1' title="bbox 232 256 1187 300">
     <span class='ocr_line' id='line_1_1' title="bbox 232 256 1187 300; baseline 0.001 -1"><span class='ocrx_word' id='word_1_1' title='bbox 232 256 321 299; x_wconf 79' lang='lat'><strong>140</strong></span> <span class='ocrx_word' id='word_1_2' title='bbox 779 256 1187 300; x_wconf 77' lang='lat' dir='ltr'>GLOSSARIUM</span> 
     </span>
    </p>
   </div>
   <div class='ocr_carea' id='block_1_2' title="bbox 225 382 1759 522">
    <p class='ocr_par' dir='ltr' id='par_1_2' title="bbox 225 382 1759 522">
     <span class='ocr_line' id='line_1_2' title="bbox 297 382 1759 447; baseline -0.002 -13"><span class='ocrx_word' id='word_1_3' title='bbox 297 395 389 431; x_wconf 79' lang='lat'><strong>242.</strong></span> <span class='ocrx_word' id='word_1_4' title='bbox 455 383 609 434; x_wconf 84' lang='lat' dir='ltr'><strong>Haud</strong></span> <span class='ocrx_word' id='word_1_5' title='bbox 630 382 768 446; x_wconf 65' lang='lat' dir='ltr'><strong>nom]</strong></span> <span class='ocrx_word' id='word_1_6' title='bbox 834 394 1116 435; x_wconf 75' lang='lat' dir='ltr'><strong>Hellenismus.</strong></span> <span class='ocrx_word' id='word_1_7' title='bbox 1179 394 1246 435; x_wconf 81' lang='lat' dir='ltr'><strong>Sic</strong></span> <span class='ocrx_word' id='word_1_8' title='bbox 1283 394 1403 447; x_wconf 82' lang='lat' dir='ltr'><strong>Epid.</strong></span> <span class='ocrx_word' id='word_1_9' title='bbox 1434 393 1523 435; x_wconf 80' lang='lat'><strong><em>653.</em></strong></span> <span class='ocrx_word' id='word_1_10' title='bbox 1584 393 1759 446; x_wconf 65' lang='lat' dir='ltr'><strong>“Neque</strong></span> 
     </span>
     <span class='ocr_line' id='line_1_3' title="bbox 225 468 773 522; baseline -0.004 -13"><span class='ocrx_word' id='word_1_11' title='bbox 225 470 292 510; x_wconf 71' lang='lat' dir='ltr'><strong>me</strong></span> <span class='ocrx_word' id='word_1_12' title='bbox 318 469 424 509; x_wconf 71' lang='lat' dir='ltr'><strong>tuma</strong></span> <span class='ocrx_word' id='word_1_13' title='bbox 449 469 614 522; x_wconf 71' lang='lat' dir='ltr'><strong>objiciet</strong></span> <span class='ocrx_word' id='word_1_14' title='bbox 638 468 773 508; x_wconf 73' lang='lat' dir='ltr'><strong>miffi.·’</strong></span> 
     </span>
    </p>
   </div>
   <div class='ocr_carea' id='block_1_3' title="bbox 219 581 1759 2512">
    <p class='ocr_par' dir='ltr' id='par_1_3' title="bbox 219 581 1759 2512">
     <span class='ocr_line' id='line_1_4' title="bbox 295 581 1756 644; baseline -0.002 -12"><span class='ocrx_word' id='word_1_15' title='bbox 295 593 385 632; x_wconf 78' lang='lat'><strong>247.</strong></span> <span class='ocrx_word' id='word_1_16' title='bbox 450 581 767 644; x_wconf 72' lang='lat' dir='ltr'><strong>Dimidium]</strong></span> <span class='ocrx_word' id='word_1_17' title='bbox 829 590 943 638; x_wconf 83' lang='lat' dir='ltr'><strong>Quid</strong></span> <span class='ocrx_word' id='word_1_18' title='bbox 968 590 1126 630; x_wconf 71' lang='lat' dir='ltr'><strong>intersit</strong></span> <span class='ocrx_word' id='word_1_19' title='bbox 1148 590 1254 630; x_wconf 74' lang='lat' dir='ltr'><strong>inter</strong></span> <span class='ocrx_word' id='word_1_20' title='bbox 1276 590 1352 630; x_wconf 79' lang='lat' dir='ltr'><strong>hoc</strong></span> <span class='ocrx_word' id='word_1_21' title='bbox 1376 591 1557 636; x_wconf 70' lang='lat' dir='ltr'><strong>verbum,</strong></span> <span class='ocrx_word' id='word_1_22' title='bbox 1582 596 1625 629; x_wconf 64' lang='grc' dir='ltr'><strong>ει</strong></span> <span class='ocrx_word' id='word_1_23' title='bbox 1645 590 1756 629; x_wconf 63' lang='lat' dir='ltr'><strong>aini-</strong></span> 
     </span>
     <span class='ocr_line' id='line_1_5' title="bbox 223 667 1759 723; baseline -0.004 -11"><span class='ocrx_word' id='word_1_24' title='bbox 223 672 383 720; x_wconf 65' lang='lat' dir='ltr'><strong>dicatum,</strong></span> <span class='ocrx_word' id='word_1_25' title='bbox 412 670 587 711; x_wconf 75' lang='lat' dir='ltr'><strong>diximus</strong></span> <span class='ocrx_word' id='word_1_26' title='bbox 609 670 661 711; x_wconf 75' lang='lat' dir='ltr'><strong>ad</strong></span> <span class='ocrx_word' id='word_1_27' title='bbox 686 671 794 711; x_wconf 90' lang='lat' dir='ltr'><strong>Men.</strong></span> <span class='ocrx_word' id='word_1_28' title='bbox 814 676 877 711; x_wconf 91' lang='grc'><strong>80.</strong></span> <span class='ocrx_word' id='word_1_29' title='bbox 895 670 945 710; x_wconf 81' lang='lat' dir='ltr'><strong>G.</strong></span> <span class='ocrx_word' id='word_1_30' title='bbox 1002 671 1107 710; x_wconf 83' lang='lat' dir='ltr'><strong>Fuse</strong></span> <span class='ocrx_word' id='word_1_31' title='bbox 1130 683 1291 723; x_wconf 87' lang='lat' dir='ltr'><strong>quoque</strong></span> <span class='ocrx_word' id='word_1_32' title='bbox 1315 669 1358 708; x_wconf 87' lang='lat' dir='ltr'><strong>in</strong></span> <span class='ocrx_word' id='word_1_33' title='bbox 1375 668 1515 708; x_wconf 84' lang='lat' dir='ltr'><strong>eodem</strong></span> <span class='ocrx_word' id='word_1_34' title='bbox 1537 667 1759 720; x_wconf 72' lang='lat' dir='ltr'><strong>disputavit</strong></span> 
     </span>
     <span class='ocr_line' id='line_1_6' title="bbox 227 745 1758 802; baseline -0.005 -12"><span class='ocrx_word' id='word_1_35' title='bbox 227 750 400 797; x_wconf 76' lang='lat' dir='ltr'><strong>Rostius,</strong></span> <span class='ocrx_word' id='word_1_36' title='bbox 432 747 630 802; x_wconf 69' lang='lat' dir='ltr'><strong>opuscula</strong></span> <span class='ocrx_word' id='word_1_37' title='bbox 656 747 845 787; x_wconf 77' lang='lat' dir='ltr'><strong>Plautina</strong></span> <span class='ocrx_word' id='word_1_38' title='bbox 870 761 910 800; x_wconf 87' lang='lat' dir='ltr'><strong>p.</strong></span> <span class='ocrx_word' id='word_1_39' title='bbox 929 752 1019 788; x_wconf 82' lang='lat'>211.</span> <span class='ocrx_word' id='word_1_40' title='bbox 1040 761 1127 800; x_wconf 87' lang='lat' dir='ltr'><strong>sqq.</strong></span> <span class='ocrx_word' id='word_1_41' title='bbox 1181 746 1303 795; x_wconf 85' lang='lat' dir='ltr'><strong>Quod</strong></span> <span class='ocrx_word' id='word_1_42' title='bbox 1325 753 1458 786; x_wconf 77' lang='lat' dir='ltr'><strong>autem</strong></span> <span class='ocrx_word' id='word_1_43' title='bbox 1481 746 1549 792; x_wconf 75' lang='lat' dir='ltr'><strong>ait,</strong></span> <span class='ocrx_word' id='word_1_44' title='bbox 1575 745 1652 786; x_wconf 92' lang='lat' dir='ltr'><strong>hoc</strong></span> <span class='ocrx_word' id='word_1_45' title='bbox 1676 745 1758 784; x_wconf 84' lang='lat' dir='ltr'><strong>dis-</strong></span> 
     </span>
     <span class='ocr_line' id='line_1_7' title="bbox 224 820 1756 875; baseline -0.003 -11"><span class='ocrx_word' id='word_1_46' title='bbox 224 825 376 865; x_wconf 84' lang='lat' dir='ltr'>crimen</span> <span class='ocrx_word' id='word_1_47' title='bbox 410 837 492 863; x_wconf 88' lang='lat' dir='ltr'><strong>non</strong></span> <span class='ocrx_word' id='word_1_48' title='bbox 526 825 780 863; x_wconf 76' lang='lat' dir='ltr'><strong>observatum</strong></span> <span class='ocrx_word' id='word_1_49' title='bbox 821 836 905 863; x_wconf 86' lang='lat' dir='ltr'><strong>esse</strong></span> <span class='ocrx_word' id='word_1_50' title='bbox 940 822 983 861; x_wconf 90' lang='lat' dir='ltr'><strong>in</strong></span> <span class='ocrx_word' id='word_1_51' title='bbox 1019 823 1318 875; x_wconf 71' lang='lat' dir='ltr'><strong>Epigrammate</strong></span> <span class='ocrx_word' id='word_1_52' title='bbox 1353 821 1404 861; x_wconf 83' lang='lat' dir='ltr'><strong>de</strong></span> <span class='ocrx_word' id='word_1_53' title='bbox 1440 820 1641 867; x_wconf 87' lang='lat' dir='ltr'><strong>Terentio,</strong></span> <span class='ocrx_word' id='word_1_54' title='bbox 1688 821 1756 859; x_wconf 87' lang='lat' dir='ltr'><strong>ubi</strong></span> 
     </span>
     <span class='ocr_line' id='line_1_8' title="bbox 223 896 1757 951; baseline -0.003 -12"><span class='ocrx_word' id='word_1_55' title='bbox 223 898 476 939; x_wconf 75' lang='lat' dir='ltr'><strong>“Dimidiate</strong></span> <span class='ocrx_word' id='word_1_56' title='bbox 506 898 750 939; x_wconf 77' lang='lat' dir='ltr'><strong>Menander”</strong></span> <span class='ocrx_word' id='word_1_57' title='bbox 778 897 1002 951; x_wconf 75' lang='lat' dir='ltr'><strong>appellatus</strong></span> <span class='ocrx_word' id='word_1_58' title='bbox 1032 904 1105 943; x_wconf 86' lang='lat' dir='ltr'><strong>est,</strong></span> <span class='ocrx_word' id='word_1_59' title='bbox 1135 897 1255 937; x_wconf 84' lang='lat' dir='ltr'><strong>credo</strong></span> <span class='ocrx_word' id='word_1_60' title='bbox 1282 896 1427 936; x_wconf 67' lang='lat' dir='ltr'><strong>salsum</strong></span> <span class='ocrx_word' id='word_1_61' title='bbox 1454 909 1539 936; x_wconf 86' lang='lat' dir='ltr'><strong>esse</strong></span> <span class='ocrx_word' id='word_1_62' title='bbox 1550 911 1562 943; x_wconf 73' lang='grc' dir='ltr'><strong><em>ς</em></strong></span> <span class='ocrx_word' id='word_1_63' title='bbox 1591 896 1699 935; x_wconf 83' lang='lat' dir='ltr'><strong>Nsm</strong></span> <span class='ocrx_word' id='word_1_64' title='bbox 1724 896 1757 934; x_wconf 86' lang='lat' dir='ltr'><strong>si</strong></span> 
     </span>
     <span class='ocr_line' id='line_1_9' title="bbox 223 971 1757 1024; baseline -0.003 -9"><span class='ocrx_word' id='word_1_65' title='bbox 223 974 414 1015; x_wconf 76' lang='lat' dir='ltr'><strong><em>“dimidie</em></strong></span> <span class='ocrx_word' id='word_1_66' title='bbox 441 973 686 1014; x_wconf 50' lang='lat' dir='ltr'><strong>Menander</strong></span> <span class='ocrx_word' id='word_1_67' title='bbox 709 979 872 1012; x_wconf 81' lang='lat' dir='ltr'><strong>vocatus</strong></span> <span class='ocrx_word' id='word_1_68' title='bbox 895 979 1011 1018; x_wconf 84' lang='lat' dir='ltr'><strong>esset,</strong></span> <span class='ocrx_word' id='word_1_69' title='bbox 1037 979 1126 1011; x_wconf 84' lang='lat' dir='ltr'><strong>tum</strong></span> <span class='ocrx_word' id='word_1_70' title='bbox 1150 972 1393 1024; x_wconf 81' lang='lat' dir='ltr'><strong>intelligeres</strong></span> <span class='ocrx_word' id='word_1_71' title='bbox 1419 971 1687 1011; x_wconf 73' lang='lat' dir='ltr'><strong>Menandrum</strong></span> <span class='ocrx_word' id='word_1_72' title='bbox 1714 972 1757 1010; x_wconf 86' lang='lat' dir='ltr'><strong>in</strong></span> 
     </span>
     <span class='ocr_line' id='line_1_10' title="bbox 221 1045 1757 1102; baseline -0.003 -13"><span class='ocrx_word' id='word_1_73' title='bbox 221 1048 322 1089; x_wconf 70' lang='lat' dir='ltr'><strong>dues</strong></span> <span class='ocrx_word' id='word_1_74' title='bbox 346 1054 482 1102; x_wconf 69' lang='lat' dir='ltr'><strong>partes</strong></span> <span class='ocrx_word' id='word_1_75' title='bbox 508 1061 593 1088; x_wconf 88' lang='lat' dir='ltr'><strong>esse</strong></span> <span class='ocrx_word' id='word_1_76' title='bbox 619 1047 806 1093; x_wconf 77' lang='lat' dir='ltr'><strong>divisum,</strong></span> <span class='ocrx_word' id='word_1_77' title='bbox 832 1059 1002 1099; x_wconf 75' lang='lat' dir='ltr'><strong>quarum</strong></span> <span class='ocrx_word' id='word_1_78' title='bbox 1028 1045 1153 1086; x_wconf 75' lang='lat' dir='ltr'><strong>altera</strong></span> <span class='ocrx_word' id='word_1_79' title='bbox 1178 1053 1281 1086; x_wconf 83' lang='lat' dir='ltr'><strong>esset</strong></span> <span class='ocrx_word' id='word_1_80' title='bbox 1304 1045 1387 1099; x_wconf 68' lang='lat' dir='ltr'><strong>ipse</strong></span> <span class='ocrx_word' id='word_1_81' title='bbox 1415 1045 1642 1085; x_wconf 68' lang='lat' dir='ltr'><strong>Terentius.-</strong></span> <span class='ocrx_word' id='word_1_82' title='bbox 1676 1059 1757 1085; x_wconf 88' lang='lat' dir='ltr'><strong>non</strong></span> 
     </span>
     <span class='ocr_line' id='line_1_11' title="bbox 219 1121 1756 1174; baseline -0.002 -11"><span class='ocrx_word' id='word_1_83' title='bbox 219 1129 354 1164; x_wconf 65' lang='lat' dir='ltr'><strong>sutem</strong></span> <span class='ocrx_word' id='word_1_84' title='bbox 387 1123 432 1162; x_wconf 88' lang='lat' dir='ltr'><strong>id</strong></span> <span class='ocrx_word' id='word_1_85' title='bbox 466 1121 654 1174; x_wconf 79' lang='lat' dir='ltr'><strong>intelligit</strong></span> <span class='ocrx_word' id='word_1_86' title='bbox 691 1121 832 1168; x_wconf 78' lang='lat' dir='ltr'><strong>Poeta3</strong></span> <span class='ocrx_word' id='word_1_87' title='bbox 869 1121 963 1168; x_wconf 92' lang='lat' dir='ltr'><strong>imo,</strong></span> <span class='ocrx_word' id='word_1_88' title='bbox 999 1121 1270 1160; x_wconf 73' lang='lat' dir='ltr'><strong>Menandrum</strong></span> <span class='ocrx_word' id='word_1_89' title='bbox 1304 1121 1438 1173; x_wconf 85' lang='lat' dir='ltr'><strong>ipsum</strong></span> <span class='ocrx_word' id='word_1_90' title='bbox 1472 1122 1547 1160; x_wconf 89' lang='lat' dir='ltr'><strong>sub</strong></span> <span class='ocrx_word' id='word_1_91' title='bbox 1581 1121 1756 1161; x_wconf 76' lang='lat' dir='ltr'><strong>Persona</strong></span> 
     </span>
     <span class='ocr_line' id='line_1_12' title="bbox 223 1193 1757 1248; baseline -0.003 -12"><span class='ocrx_word' id='word_1_92' title='bbox 223 1196 402 1237; x_wconf 83' lang='lat' dir='ltr'><strong>Terentii</strong></span> <span class='ocrx_word' id='word_1_93' title='bbox 421 1194 711 1248; x_wconf 68' lang='lat' dir='ltr'><strong>repraesentari,</strong></span> <span class='ocrx_word' id='word_1_94' title='bbox 739 1194 905 1233; x_wconf 78' lang='lat' dir='ltr'><strong>dimidia</strong></span> <span class='ocrx_word' id='word_1_95' title='bbox 921 1201 1054 1234; x_wconf 80' lang='lat' dir='ltr'><strong>tamen</strong></span> <span class='ocrx_word' id='word_1_96' title='bbox 1075 1201 1190 1246; x_wconf 77' lang='lat' dir='ltr'><strong>parte</strong></span> <span class='ocrx_word' id='word_1_97' title='bbox 1207 1193 1425 1240; x_wconf 87' lang='lat' dir='ltr'><strong>minorem;</strong></span> <span class='ocrx_word' id='word_1_98' title='bbox 1452 1193 1492 1232; x_wconf 89' lang='lat' dir='ltr'><strong>h.</strong></span> <span class='ocrx_word' id='word_1_99' title='bbox 1509 1207 1545 1233; x_wconf 88' lang='lat' dir='ltr'><strong>e.</strong></span> <span class='ocrx_word' id='word_1_100' title='bbox 1569 1206 1757 1232; x_wconf 70' lang='lat' dir='ltr'><strong>mancum</strong></span> 
     </span>
     <span class='ocr_line' id='line_1_13' title="bbox 222 1267 1757 1324; baseline -0.003 -14"><span class='ocrx_word' id='word_1_101' title='bbox 222 1270 386 1324; x_wconf 88' lang='lat' dir='ltr'><strong>quidem</strong></span> <span class='ocrx_word' id='word_1_102' title='bbox 413 1277 455 1309; x_wconf 85' lang='lat' dir='ltr'><strong>et</strong></span> <span class='ocrx_word' id='word_1_103' title='bbox 484 1276 657 1316; x_wconf 86' lang='lat' dir='ltr'><strong>curtum,</strong></span> <span class='ocrx_word' id='word_1_104' title='bbox 689 1268 760 1309; x_wconf 88' lang='lat' dir='ltr'><strong>sed</strong></span> <span class='ocrx_word' id='word_1_105' title='bbox 790 1268 1048 1308; x_wconf 85' lang='lat' dir='ltr'><strong>nihilominus</strong></span> <span class='ocrx_word' id='word_1_106' title='bbox 1078 1268 1211 1321; x_wconf 88' lang='lat' dir='ltr'><strong>ipsum</strong></span> <span class='ocrx_word' id='word_1_107' title='bbox 1242 1267 1443 1308; x_wconf 87' lang='lat' dir='ltr'><strong>hominem</strong></span> <span class='ocrx_word' id='word_1_108' title='bbox 1474 1268 1588 1320; x_wconf 81' lang='lat' dir='ltr'><strong>quasi</strong></span> <span class='ocrx_word' id='word_1_109' title='bbox 1619 1267 1757 1306; x_wconf 84' lang='lat' dir='ltr'><strong>vivum</strong></span> 
     </span>
     <span class='ocr_line' id='line_1_14' title="bbox 221 1343 1759 1399; baseline -0.003 -13"><span class='ocrx_word' id='word_1_110' title='bbox 221 1347 404 1399; x_wconf 84' lang='lat' dir='ltr'><strong>exprimi.</strong></span> <span class='ocrx_word' id='word_1_111' title='bbox 467 1345 679 1398; x_wconf 88' lang='lat' dir='ltr'><strong>Optimum</strong></span> <span class='ocrx_word' id='word_1_112' title='bbox 720 1345 948 1398; x_wconf 88' lang='lat' dir='ltr'><strong>exemplum</strong></span> <span class='ocrx_word' id='word_1_113' title='bbox 990 1346 1144 1397; x_wconf 82' lang='lat' dir='ltr'><strong>praebet</strong></span> <span class='ocrx_word' id='word_1_114' title='bbox 1178 1344 1276 1384; x_wconf 77' lang='lat' dir='ltr'><strong>Cato</strong></span> <span class='ocrx_word' id='word_1_115' title='bbox 1313 1345 1359 1383; x_wconf 80' lang='lat' dir='ltr'><strong>R.</strong></span> <span class='ocrx_word' id='word_1_116' title='bbox 1386 1345 1432 1383; x_wconf 84' lang='lat' dir='ltr'><strong>R.</strong></span> <span class='ocrx_word' id='word_1_117' title='bbox 1459 1343 1590 1383; x_wconf 89' lang='lat' dir='ltr'>CLII.</span> <span class='ocrx_word' id='word_1_118' title='bbox 1656 1344 1759 1382; x_wconf 89' lang='lat' dir='ltr'><strong>“Eo</strong></span> 
     </span>
     <span class='ocr_line' id='line_1_15' title="bbox 222 1419 1757 1472; baseline -0.003 -10"><span class='ocrx_word' id='word_1_119' title='bbox 222 1422 353 1463; x_wconf 88' lang='lat' dir='ltr'><strong>cribro</strong></span> <span class='ocrx_word' id='word_1_120' title='bbox 384 1429 531 1461; x_wconf 80' lang='lat' dir='ltr'><strong>terram</strong></span> <span class='ocrx_word' id='word_1_121' title='bbox 560 1420 754 1460; x_wconf 72' lang='lat' dir='ltr'><strong>incer-nito</strong></span> <span class='ocrx_word' id='word_1_122' title='bbox 788 1420 1028 1460; x_wconf 78' lang='lat' dir='ltr'><strong>dimidiatum</strong></span> <span class='ocrx_word' id='word_1_123' title='bbox 1064 1420 1274 1472; x_wconf 83' lang='lat' dir='ltr'><strong>digitum.”</strong></span> <span class='ocrx_word' id='word_1_124' title='bbox 1312 1420 1357 1470; x_wconf 92' lang='lat' dir='ltr'><strong>(i.</strong></span> <span class='ocrx_word' id='word_1_125' title='bbox 1376 1433 1411 1459; x_wconf 88' lang='lat' dir='ltr'><strong>e.</strong></span> <span class='ocrx_word' id='word_1_126' title='bbox 1449 1419 1512 1458; x_wconf 88' lang='lat' dir='ltr'><strong>To</strong></span> <span class='ocrx_word' id='word_1_127' title='bbox 1537 1419 1607 1459; x_wconf 84' lang='lat' dir='ltr'><strong>the</strong></span> <span class='ocrx_word' id='word_1_128' title='bbox 1631 1419 1757 1471; x_wconf 80' lang='lat' dir='ltr'><strong>depth</strong></span> 
     </span>
     <span class='ocr_line' id='line_1_16' title="bbox 221 1494 1759 1549; baseline -0.003 -13"><span class='ocrx_word' id='word_1_129' title='bbox 221 1497 269 1536; x_wconf 80' lang='lat' dir='ltr'><strong>of</strong></span> <span class='ocrx_word' id='word_1_130' title='bbox 279 1496 444 1536; x_wconf 76' lang='lat' dir='ltr'><strong>halfthe</strong></span> <span class='ocrx_word' id='word_1_131' title='bbox 461 1495 583 1535; x_wconf 79' lang='lat' dir='ltr'><strong>entire</strong></span> <span class='ocrx_word' id='word_1_132' title='bbox 600 1495 749 1548; x_wconf 80' lang='lat' dir='ltr'><strong>finger:</strong></span> <span class='ocrx_word' id='word_1_133' title='bbox 776 1497 853 1535; x_wconf 84' lang='lat' dir='ltr'><strong>but</strong></span> <span class='ocrx_word' id='word_1_134' title='bbox 868 1503 952 1542; x_wconf 89' lang='lat' dir='ltr'><strong>not,</strong></span> <span class='ocrx_word' id='word_1_135' title='bbox 971 1495 1138 1549; x_wconf 78' lang='lat' dir='ltr'><strong>afinger</strong></span> <span class='ocrx_word' id='word_1_136' title='bbox 1154 1500 1217 1534; x_wconf 82' lang='lat' dir='ltr'><strong>cue</strong></span> <span class='ocrx_word' id='word_1_137' title='bbox 1236 1494 1276 1533; x_wconf 79' lang='lat' dir='ltr'><strong>in</strong></span> <span class='ocrx_word' id='word_1_138' title='bbox 1295 1494 1399 1547; x_wconf 79' lang='lat' dir='ltr'><strong>two.)</strong></span> <span class='ocrx_word' id='word_1_139' title='bbox 1426 1494 1542 1533; x_wconf 86' lang='lat' dir='ltr'><strong>Nost.</strong></span> <span class='ocrx_word' id='word_1_140' title='bbox 1563 1494 1650 1533; x_wconf 87' lang='lat' dir='ltr'><strong>Mil.</strong></span> <span class='ocrx_word' id='word_1_141' title='bbox 1668 1494 1759 1538; x_wconf 82' lang='lat'><strong>756.</strong></span> 
     </span>
     <span class='ocr_line' id='line_1_17' title="bbox 223 1566 1756 1619; baseline -0.003 -9"><span class='ocrx_word' id='word_1_142' title='bbox 223 1575 251 1594; x_wconf 90' lang='lat'><em>“</em></span> <span class='ocrx_word' id='word_1_143' title='bbox 264 1569 542 1609; x_wconf 84' lang='lat' dir='ltr'><strong>Procumbunt</strong></span> <span class='ocrx_word' id='word_1_144' title='bbox 564 1567 794 1607; x_wconf 79' lang='lat' dir='ltr'><strong>dimidiati.”</strong></span> <span class='ocrx_word' id='word_1_145' title='bbox 848 1568 929 1608; x_wconf 90' lang='lat' dir='ltr'><strong>Ubi</strong></span> <span class='ocrx_word' id='word_1_146' title='bbox 947 1568 1128 1607; x_wconf 88' lang='lat' dir='ltr'><strong>homines</strong></span> <span class='ocrx_word' id='word_1_147' title='bbox 1152 1567 1315 1619; x_wconf 88' lang='lat' dir='ltr'><strong>quidem</strong></span> <span class='ocrx_word' id='word_1_148' title='bbox 1334 1566 1402 1605; x_wconf 74' lang='lat' dir='ltr'><strong>toea·</strong></span> <span class='ocrx_word' id='word_1_149' title='bbox 1420 1574 1525 1613; x_wconf 83' lang='lat' dir='ltr'><strong>sunt,</strong></span> <span class='ocrx_word' id='word_1_150' title='bbox 1553 1566 1623 1607; x_wconf 85' lang='lat' dir='ltr'><strong>sed</strong></span> <span class='ocrx_word' id='word_1_151' title='bbox 1643 1566 1756 1619; x_wconf 73' lang='lat' dir='ltr'><strong>qussi</strong></span> 
     </span>
     <span class='ocr_line' id='line_1_18' title="bbox 222 1640 1756 1697; baseline -0.004 -13"><span class='ocrx_word' id='word_1_152' title='bbox 222 1644 265 1684; x_wconf 88' lang='lat' dir='ltr'><strong>in</strong></span> <span class='ocrx_word' id='word_1_153' title='bbox 293 1643 393 1684; x_wconf 79' lang='lat' dir='ltr'><strong>duas</strong></span> <span class='ocrx_word' id='word_1_154' title='bbox 417 1651 551 1697; x_wconf 79' lang='lat' dir='ltr'><strong>partes</strong></span> <span class='ocrx_word' id='word_1_155' title='bbox 574 1643 705 1682; x_wconf 82' lang='lat' dir='ltr'><strong>divisi.</strong></span> <span class='ocrx_word' id='word_1_156' title='bbox 757 1644 904 1682; x_wconf 78' lang='lat' dir='ltr'><strong>Contra</strong></span> <span class='ocrx_word' id='word_1_157' title='bbox 926 1642 1022 1681; x_wconf 90' lang='lat' dir='ltr'><strong>Juv.</strong></span> <span class='ocrx_word' id='word_1_158' title='bbox 1051 1642 1130 1682; x_wconf 80' lang='lat' dir='ltr'><strong>Sat.</strong></span> <span class='ocrx_word' id='word_1_159' title='bbox 1150 1642 1269 1681; x_wconf 87' lang='lat' dir='ltr'><strong>VIII.</strong></span> <span class='ocrx_word' id='word_1_160' title='bbox 1295 1648 1330 1681; x_wconf 85' lang='lat'><strong>4.</strong></span> <span class='ocrx_word' id='word_1_161' title='bbox 1386 1641 1564 1681; x_wconf 84' lang='lat' dir='ltr'><strong>“Curios</strong></span> <span class='ocrx_word' id='word_1_162' title='bbox 1586 1642 1670 1694; x_wconf 76' lang='lat' dir='ltr'><strong>jam</strong></span> <span class='ocrx_word' id='word_1_163' title='bbox 1697 1640 1756 1679; x_wconf 76' lang='lat' dir='ltr'><strong>di-</strong></span> 
     </span>
     <span class='ocr_line' id='line_1_19' title="bbox 221 1714 1753 1768; baseline -0.003 -12"><span class='ocrx_word' id='word_1_164' title='bbox 221 1716 395 1756; x_wconf 73' lang='lat' dir='ltr'><strong>midios-&#39;⁹</strong></span> <span class='ocrx_word' id='word_1_165' title='bbox 453 1717 557 1756; x_wconf 80' lang='lat' dir='ltr'><strong>Nam</strong></span> <span class='ocrx_word' id='word_1_166' title='bbox 596 1729 733 1756; x_wconf 90' lang='lat' dir='ltr'><strong>eorum</strong></span> <span class='ocrx_word' id='word_1_167' title='bbox 757 1729 850 1768; x_wconf 81' lang='lat' dir='ltr'><strong>pars</strong></span> <span class='ocrx_word' id='word_1_168' title='bbox 875 1715 998 1755; x_wconf 80' lang='lat' dir='ltr'><strong>altera</strong></span> <span class='ocrx_word' id='word_1_169' title='bbox 1021 1715 1183 1754; x_wconf 91' lang='lat' dir='ltr'><strong>omnino</strong></span> <span class='ocrx_word' id='word_1_170' title='bbox 1205 1728 1280 1767; x_wconf 83' lang='lat' dir='ltr'><strong>per</strong></span> <span class='ocrx_word' id='word_1_171' title='bbox 1306 1721 1544 1754; x_wconf 66' lang='lat' dir='ltr'><strong>vetustatem</strong></span> <span class='ocrx_word' id='word_1_172' title='bbox 1570 1714 1753 1766; x_wconf 77' lang='lat' dir='ltr'><strong>perierat,</strong></span> 
     </span>
     <span class='ocr_line' id='line_1_20' title="bbox 220 1790 1753 1846; baseline -0.002 -15"><span class='ocrx_word' id='word_1_173' title='bbox 220 1793 346 1833; x_wconf 71' lang='lat' dir='ltr'><strong>altera</strong></span> <span class='ocrx_word' id='word_1_174' title='bbox 367 1794 452 1846; x_wconf 78' lang='lat' dir='ltr'><strong>jam</strong></span> <span class='ocrx_word' id='word_1_175' title='bbox 473 1793 658 1832; x_wconf 78' lang='lat' dir='ltr'><strong>restabat.</strong></span> <span class='ocrx_word' id='word_1_176' title='bbox 714 1791 935 1838; x_wconf 88' lang='lat' dir='ltr'><strong>Postremo,</strong></span> <span class='ocrx_word' id='word_1_177' title='bbox 957 1805 1008 1830; x_wconf 89' lang='lat' dir='ltr'><strong>ne</strong></span> <span class='ocrx_word' id='word_1_178' title='bbox 1026 1791 1183 1843; x_wconf 82' lang='lat' dir='ltr'><strong>longior</strong></span> <span class='ocrx_word' id='word_1_179' title='bbox 1203 1791 1277 1830; x_wconf 86' lang='lat' dir='ltr'><strong>sim</strong></span> <span class='ocrx_word' id='word_1_180' title='bbox 1300 1791 1342 1829; x_wconf 91' lang='lat' dir='ltr'><strong>in</strong></span> <span class='ocrx_word' id='word_1_181' title='bbox 1366 1804 1409 1830; x_wconf 87' lang='lat' dir='ltr'><strong>re</strong></span> <span class='ocrx_word' id='word_1_182' title='bbox 1431 1790 1526 1829; x_wconf 79' lang='lat' dir='ltr'><strong>satis</strong></span> <span class='ocrx_word' id='word_1_183' title='bbox 1543 1790 1753 1841; x_wconf 70' lang='lat' dir='ltr'><strong>exagitata,</strong></span> 
     </span>
     <span class='ocr_line' id='line_1_21' title="bbox 221 1864 1755 1921; baseline -0.004 -13"><span class='ocrx_word' id='word_1_184' title='bbox 221 1870 373 1908; x_wconf 86' lang='lat' dir='ltr'><strong>Auson.</strong></span> <span class='ocrx_word' id='word_1_185' title='bbox 392 1867 537 1921; x_wconf 79' lang='lat' dir='ltr'><strong>Epigr.</strong></span> <span class='ocrx_word' id='word_1_186' title='bbox 590 1872 618 1890; x_wconf 91' lang='lat'><em>“</em></span> <span class='ocrx_word' id='word_1_187' title='bbox 630 1866 782 1919; x_wconf 89' lang='lat' dir='ltr'><strong>Incipe,</strong></span> <span class='ocrx_word' id='word_1_188' title='bbox 809 1865 1006 1905; x_wconf 78' lang='lat' dir='ltr'><strong>dimidium</strong></span> <span class='ocrx_word' id='word_1_189' title='bbox 1025 1865 1120 1905; x_wconf 80' lang='lat' dir='ltr'><strong>facti</strong></span> <span class='ocrx_word' id='word_1_190' title='bbox 1137 1872 1198 1905; x_wconf 83' lang='lat' dir='ltr'><strong>est</strong></span> <span class='ocrx_word' id='word_1_191' title='bbox 1215 1865 1382 1918; x_wconf 84' lang='lat' dir='ltr'><strong>coepisse</strong></span> <span class='ocrx_word' id='word_1_192' title='bbox 1392 1880 1406 1913; x_wconf 83' lang='lat'>;</span> <span class='ocrx_word' id='word_1_193' title='bbox 1435 1865 1608 1917; x_wconf 74' lang='lat' dir='ltr'><strong>supersit</strong></span> <span class='ocrx_word' id='word_1_194' title='bbox 1628 1864 1755 1903; x_wconf 72' lang='lat' dir='ltr'><strong>Dimi-</strong></span> 
     </span>
     <span class='ocr_line' id='line_1_22' title="bbox 220 1939 1755 1994; baseline -0.003 -12"><span class='ocrx_word' id='word_1_195' title='bbox 220 1942 350 1983; x_wconf 78' lang='lat' dir='ltr'><strong>dium.-</strong></span> <span class='ocrx_word' id='word_1_196' title='bbox 380 1956 542 1982; x_wconf 85' lang='lat' dir='ltr'><strong>rursum</strong></span> <span class='ocrx_word' id='word_1_197' title='bbox 571 1941 648 1981; x_wconf 90' lang='lat' dir='ltr'><strong>hoc</strong></span> <span class='ocrx_word' id='word_1_198' title='bbox 679 1941 824 1994; x_wconf 87' lang='lat' dir='ltr'><strong>incipe,</strong></span> <span class='ocrx_word' id='word_1_199' title='bbox 857 1949 898 1980; x_wconf 84' lang='lat' dir='ltr'><strong>et</strong></span> <span class='ocrx_word' id='word_1_200' title='bbox 928 1940 1104 1980; x_wconf 83' lang='lat' dir='ltr'><strong>efficies.”</strong></span> <span class='ocrx_word' id='word_1_201' title='bbox 1158 1939 1280 1988; x_wconf 89' lang='lat' dir='ltr'><strong>Quod</strong></span> <span class='ocrx_word' id='word_1_202' title='bbox 1311 1940 1550 1992; x_wconf 86' lang='lat' dir='ltr'><strong>exemplum,</strong></span> <span class='ocrx_word' id='word_1_203' title='bbox 1582 1939 1613 1978; x_wconf 85' lang='lat' dir='ltr'><strong>si</strong></span> <span class='ocrx_word' id='word_1_204' title='bbox 1647 1940 1755 1991; x_wconf 88' lang='lat' dir='ltr'><strong>quod</strong></span> 
     </span>
     <span class='ocr_line' id='line_1_23' title="bbox 219 2014 1757 2070; baseline -0.003 -14"><span class='ocrx_word' id='word_1_205' title='bbox 219 2017 342 2063; x_wconf 80' lang='lat' dir='ltr'><strong>aliud,</strong></span> <span class='ocrx_word' id='word_1_206' title='bbox 371 2017 488 2070; x_wconf 81' lang='lat' dir='ltr'><strong>plane</strong></span> <span class='ocrx_word' id='word_1_207' title='bbox 513 2015 757 2055; x_wconf 78' lang='lat' dir='ltr'><strong>demonstrat</strong></span> <span class='ocrx_word' id='word_1_208' title='bbox 780 2028 864 2054; x_wconf 89' lang='lat' dir='ltr'><strong>rem</strong></span> <span class='ocrx_word' id='word_1_209' title='bbox 889 2014 931 2053; x_wconf 91' lang='lat' dir='ltr'><strong>in</strong></span> <span class='ocrx_word' id='word_1_210' title='bbox 954 2014 1054 2053; x_wconf 80' lang='lat' dir='ltr'><strong>duas</strong></span> <span class='ocrx_word' id='word_1_211' title='bbox 1077 2027 1211 2066; x_wconf 75' lang='lat' dir='ltr'><strong>aequas</strong></span> <span class='ocrx_word' id='word_1_212' title='bbox 1235 2021 1368 2066; x_wconf 77' lang='lat' dir='ltr'><strong>partes</strong></span> <span class='ocrx_word' id='word_1_213' title='bbox 1391 2014 1507 2066; x_wconf 80' lang='lat' dir='ltr'><strong>plane</strong></span> <span class='ocrx_word' id='word_1_214' title='bbox 1530 2021 1571 2053; x_wconf 85' lang='lat' dir='ltr'><strong>et</strong></span> <span class='ocrx_word' id='word_1_215' title='bbox 1595 2015 1757 2053; x_wconf 88' lang='lat' dir='ltr'><strong>omnino</strong></span> 
     </span>
     <span class='ocr_line' id='line_1_24' title="bbox 222 2087 1753 2142; baseline -0.001 -13"><span class='ocrx_word' id='word_1_216' title='bbox 222 2090 404 2137; x_wconf 71' lang='lat' dir='ltr'><strong>divisam,</strong></span> <span class='ocrx_word' id='word_1_217' title='bbox 429 2102 600 2142; x_wconf 76' lang='lat' dir='ltr'><strong>quarum</strong></span> <span class='ocrx_word' id='word_1_218' title='bbox 623 2089 693 2128; x_wconf 88' lang='lat' dir='ltr'><strong>ubi</strong></span> <span class='ocrx_word' id='word_1_219' title='bbox 712 2088 873 2127; x_wconf 79' lang='lat' dir='ltr'><strong>alteram</strong></span> <span class='ocrx_word' id='word_1_220' title='bbox 894 2088 953 2139; x_wconf 90' lang='lat' dir='ltr'><strong>(h.</strong></span> <span class='ocrx_word' id='word_1_221' title='bbox 967 2102 1002 2127; x_wconf 85' lang='lat' dir='ltr'><strong>e.</strong></span> <span class='ocrx_word' id='word_1_222' title='bbox 1025 2087 1242 2139; x_wconf 75' lang='lat' dir='ltr'><strong>dimidium)</strong></span> <span class='ocrx_word' id='word_1_223' title='bbox 1263 2087 1481 2134; x_wconf 76' lang='lat' dir='ltr'><strong>sustuleris,</strong></span> <span class='ocrx_word' id='word_1_224' title='bbox 1505 2088 1627 2127; x_wconf 77' lang='lat' dir='ltr'><strong>alters</strong></span> <span class='ocrx_word' id='word_1_225' title='bbox 1646 2088 1704 2139; x_wconf 80' lang='lat' dir='ltr'><strong>(h.</strong></span> <span class='ocrx_word' id='word_1_226' title='bbox 1719 2104 1753 2129; x_wconf 89' lang='lat' dir='ltr'><strong>e.</strong></span> 
     </span>
     <span class='ocr_line' id='line_1_25' title="bbox 222 2162 1757 2219; baseline -0.001 -13"><span class='ocrx_word' id='word_1_227' title='bbox 222 2165 439 2219; x_wconf 75' lang='lat' dir='ltr'><strong>dimidium)</strong></span> <span class='ocrx_word' id='word_1_228' title='bbox 468 2179 550 2219; x_wconf 79' lang='lat' dir='ltr'><strong>per¹</strong></span> <span class='ocrx_word' id='word_1_229' title='bbox 573 2178 614 2205; x_wconf 88' lang='lat' dir='ltr'><strong>se</strong></span> <span class='ocrx_word' id='word_1_230' title='bbox 648 2170 790 2204; x_wconf 72' lang='lat' dir='ltr'><strong>restat:</strong></span> <span class='ocrx_word' id='word_1_231' title='bbox 831 2163 952 2211; x_wconf 89' lang='lat' dir='ltr'><strong>Quod</strong></span> <span class='ocrx_word' id='word_1_232' title='bbox 980 2169 1129 2210; x_wconf 75' lang='lat' dir='ltr'><strong>contra,</strong></span> <span class='ocrx_word' id='word_1_233' title='bbox 1155 2176 1218 2201; x_wconf 84' lang='lat' dir='ltr'><strong>res</strong></span> <span class='ocrx_word' id='word_1_234' title='bbox 1246 2162 1459 2210; x_wconf 72' lang='lat' dir='ltr'><strong>dimidiata,</strong></span> <span class='ocrx_word' id='word_1_235' title='bbox 1490 2165 1600 2204; x_wconf 80' lang='lat' dir='ltr'><strong>verbi</strong></span> <span class='ocrx_word' id='word_1_236' title='bbox 1628 2166 1757 2217; x_wconf 75' lang='lat' dir='ltr'><strong>gratis</strong></span> 
     </span>
     <span class='ocr_line' id='line_1_26' title="bbox 222 2235 1755 2288; baseline -0.003 -8"><span class='ocrx_word' id='word_1_237' title='bbox 222 2240 353 2287; x_wconf 79' lang='lat' dir='ltr'><strong><em>Luna,</em></strong></span> <span class='ocrx_word' id='word_1_238' title='bbox 381 2239 599 2280; x_wconf 78' lang='lat' dir='ltr'><strong>etiamdum</strong></span> <span class='ocrx_word' id='word_1_239' title='bbox 629 2243 706 2277; x_wconf 79' lang='lat' dir='ltr'><strong>tota</strong></span> <span class='ocrx_word' id='word_1_240' title='bbox 743 2244 814 2283; x_wconf 84' lang='lat' dir='ltr'><strong>est,</strong></span> <span class='ocrx_word' id='word_1_241' title='bbox 845 2236 938 2276; x_wconf 89' lang='lat' dir='ltr'><strong>licet</strong></span> <span class='ocrx_word' id='word_1_242' title='bbox 964 2236 1007 2275; x_wconf 85' lang='lat' dir='ltr'><strong>in</strong></span> <span class='ocrx_word' id='word_1_243' title='bbox 1042 2235 1140 2275; x_wconf 77' lang='lat' dir='ltr'><strong>duas</strong></span> <span class='ocrx_word' id='word_1_244' title='bbox 1168 2243 1301 2288; x_wconf 81' lang='lat' dir='ltr'><strong>partes</strong></span> <span class='ocrx_word' id='word_1_245' title='bbox 1332 2236 1471 2275; x_wconf 77' lang='lat' dir='ltr'><strong>divisa.</strong></span> <span class='ocrx_word' id='word_1_246' title='bbox 1528 2237 1637 2276; x_wconf 74' lang='lat' dir='ltr'><strong>Infra</strong></span> <span class='ocrx_word' id='word_1_247' title='bbox 1666 2243 1755 2281; x_wconf 70' lang='lat'><strong>724.</strong></span> 
     </span>
     <span class='ocr_line' id='line_1_27' title="bbox 221 2310 1756 2368; baseline -0.003 -13"><span class='ocrx_word' id='word_1_248' title='bbox 221 2321 249 2339; x_wconf 93' lang='lat'><em>“</em></span> <span class='ocrx_word' id='word_1_249' title='bbox 260 2314 473 2355; x_wconf 75' lang='lat' dir='ltr'><strong>Dimidium</strong></span> <span class='ocrx_word' id='word_1_250' title='bbox 490 2319 649 2368; x_wconf 72' lang='lat' dir='ltr'><strong>partem·</strong></span> <span class='ocrx_word' id='word_1_251' title='bbox 671 2312 805 2358; x_wconf 78' lang='lat' dir='ltr'><strong>auri;”</strong></span> <span class='ocrx_word' id='word_1_252' title='bbox 832 2310 942 2363; x_wconf 91' lang='lat' dir='ltr'><strong>quod</strong></span> <span class='ocrx_word' id='word_1_253' title='bbox 967 2310 1075 2350; x_wconf 91' lang='lat' dir='ltr'><strong>idem</strong></span> <span class='ocrx_word' id='word_1_254' title='bbox 1102 2317 1161 2349; x_wconf 83' lang='lat' dir='ltr'><strong>est</strong></span> <span class='ocrx_word' id='word_1_255' title='bbox 1186 2324 1232 2349; x_wconf 80' lang='lat' dir='ltr'><strong>ac</strong></span> <span class='ocrx_word' id='word_1_256' title='bbox 1256 2310 1487 2349; x_wconf 78' lang='lat' dir='ltr'><strong>“dimidium</strong></span> <span class='ocrx_word' id='word_1_257' title='bbox 1510 2311 1633 2350; x_wconf 77' lang='lat' dir='ltr'><strong>suri.”</strong></span> <span class='ocrx_word' id='word_1_258' title='bbox 1687 2312 1756 2351; x_wconf 90' lang='lat' dir='ltr'><strong>Sic</strong></span> 
     </span>
     <span class='ocr_line' id='line_1_28' title="bbox 221 2383 1754 2442; baseline -0.004 -13"><span class='ocrx_word' id='word_1_259' title='bbox 221 2389 371 2442; x_wconf 67' lang='lat' dir='ltr'><strong>Annph.</strong></span> <span class='ocrx_word' id='word_1_260' title='bbox 389 2394 478 2436; x_wconf 85' lang='grc'><strong>973.</strong></span> <span class='ocrx_word' id='word_1_261' title='bbox 533 2387 645 2428; x_wconf 87' lang='lat' dir='ltr'><strong>“Me</strong></span> <span class='ocrx_word' id='word_1_262' title='bbox 672 2386 781 2426; x_wconf 80' lang='lat' dir='ltr'><strong>haud</strong></span> <span class='ocrx_word' id='word_1_263' title='bbox 806 2386 974 2439; x_wconf 82' lang='lat' dir='ltr'><strong>poenitet</strong></span> <span class='ocrx_word' id='word_1_264' title='bbox 1002 2385 1164 2430; x_wconf 85' lang='lat' dir='ltr'><strong>scilicet,</strong></span> <span class='ocrx_word' id='word_1_265' title='bbox 1192 2383 1278 2423; x_wconf 81' lang='lat' dir='ltr'><strong>boni</strong></span> <span class='ocrx_word' id='word_1_266' title='bbox 1305 2384 1500 2423; x_wconf 66' lang='lat' dir='ltr'><strong>dimidium</strong></span> <span class='ocrx_word' id='word_1_267' title='bbox 1525 2384 1623 2424; x_wconf 84' lang='lat' dir='ltr'><strong>mihi</strong></span> <span class='ocrx_word' id='word_1_268' title='bbox 1650 2386 1754 2424; x_wconf 89' lang='lat' dir='ltr'><strong>divi-</strong></span> 
     </span>
     <span class='ocr_line' id='line_1_29' title="bbox 219 2458 1121 2512; baseline -0.008 -8"><span class='ocrx_word' id='word_1_269' title='bbox 219 2463 314 2504; x_wconf 83' lang='lat' dir='ltr'><strong>dere</strong></span> <span class='ocrx_word' id='word_1_270' title='bbox 341 2477 434 2504; x_wconf 88' lang='lat' dir='ltr'><strong>cum</strong></span> <span class='ocrx_word' id='word_1_271' title='bbox 458 2463 599 2503; x_wconf 86' lang='lat' dir='ltr'><strong>Jove.&#39;&#39;</strong></span> <span class='ocrx_word' id='word_1_272' title='bbox 653 2460 779 2512; x_wconf 78' lang='lat' dir='ltr'>(Half</span> <span class='ocrx_word' id='word_1_273' title='bbox 799 2461 847 2499; x_wconf 86' lang='lat' dir='ltr'><strong>of</strong></span> <span class='ocrx_word' id='word_1_274' title='bbox 867 2472 936 2512; x_wconf 86' lang='lat' dir='ltr'><strong>my</strong></span> <span class='ocrx_word' id='word_1_275' title='bbox 962 2458 1121 2511; x_wconf 80' lang='lat' dir='ltr'><strong>goods.)</strong></span> 
     </span>
    </p>
   </div>
   <div class='ocr_carea' id='block_1_4' title="bbox 292 2568 1467 2632">
    <p class='ocr_par' dir='ltr' id='par_1_4' title="bbox 292 2568 1467 2632">
     <span class='ocr_line' id='line_1_30' title="bbox 292 2568 1467 2632; baseline -0.007 -11"><span class='ocrx_word' id='word_1_276' title='bbox 292 2586 384 2623; x_wconf 80' lang='lat'><strong>250.</strong></span> <span class='ocrx_word' id='word_1_277' title='bbox 446 2573 530 2623; x_wconf 86' lang='lat' dir='ltr'><strong>De</strong></span> <span class='ocrx_word' id='word_1_278' title='bbox 559 2568 685 2632; x_wconf 62' lang='lat' dir='ltr'><strong>sum]</strong></span> <span class='ocrx_word' id='word_1_279' title='bbox 750 2578 813 2618; x_wconf 87' lang='lat' dir='ltr'><strong>De</strong></span> <span class='ocrx_word' id='word_1_280' title='bbox 839 2591 910 2617; x_wconf 73' lang='lat' dir='ltr'><strong>sus</strong></span> <span class='ocrx_word' id='word_1_281' title='bbox 936 2576 1116 2630; x_wconf 75' lang='lat' dir='ltr'><strong>pecunia.</strong></span> <span class='ocrx_word' id='word_1_282' title='bbox 1173 2577 1280 2616; x_wconf 87' lang='lat' dir='ltr'><strong>Men.</strong></span> <span class='ocrx_word' id='word_1_283' title='bbox 1300 2575 1388 2616; x_wconf 77' lang='lat'><strong>206.</strong></span> <span class='ocrx_word' id='word_1_284' title='bbox 1418 2575 1467 2614; x_wconf 87' lang='lat' dir='ltr'><strong>G.</strong></span> 
     </span>
    </p>
   </div>
   <div class='ocr_carea' id='block_1_5' title="bbox 222 2693 1753 2841">
    <p class='ocr_par' dir='ltr' id='par_1_5' title="bbox 222 2693 1753 2841">
     <span class='ocr_line' id='line_1_31' title="bbox 292 2693 1753 2764; baseline -0.006 -17"><span class='ocrx_word' id='word_1_285' title='bbox 292 2711 384 2747; x_wconf 76' lang='lat'><strong><em>252.</em></strong></span> <span class='ocrx_word' id='word_1_286' title='bbox 447 2698 586 2759; x_wconf 84' lang='lat' dir='ltr'><strong>Quid</strong></span> <span class='ocrx_word' id='word_1_287' title='bbox 606 2697 788 2764; x_wconf 79' lang='lat' dir='ltr'><strong>negotii</strong></span> <span class='ocrx_word' id='word_1_288' title='bbox 811 2703 884 2746; x_wconf 83' lang='lat' dir='ltr'><strong>est</strong></span> <span class='ocrx_word' id='word_1_289' title='bbox 895 2693 943 2758; x_wconf 83' lang='lat'><strong>?]</strong></span> <span class='ocrx_word' id='word_1_290' title='bbox 998 2696 1161 2739; x_wconf 52' lang='grc' dir='ltr'><strong>Μαί.</strong></span> <span class='ocrx_word' id='word_1_291' title='bbox 1183 2697 1255 2739; x_wconf 71' lang='lat' dir='ltr'><strong>the</strong></span> <span class='ocrx_word' id='word_1_292' title='bbox 1272 2699 1430 2739; x_wconf 73' lang='lat' dir='ltr'><strong>matter</strong></span> <span class='ocrx_word' id='word_1_293' title='bbox 1444 2698 1465 2738; x_wconf 61' lang='grc' dir='ltr'><em>θ</em></span> <span class='ocrx_word' id='word_1_294' title='bbox 1507 2699 1753 2739; x_wconf 64' lang='lat' dir='ltr'><strong>Admiranda</strong></span> 
     </span>
     <span class='ocr_line' id='line_1_32' title="bbox 222 2780 1750 2841; baseline -0.007 -12"><span class='ocrx_word' id='word_1_295' title='bbox 222 2788 404 2835; x_wconf 72' lang='lat' dir='ltr'><strong>formula,</strong></span> <span class='ocrx_word' id='word_1_296' title='bbox 430 2786 576 2841; x_wconf 71' lang='lat' dir='ltr'><strong>passim</strong></span> <span class='ocrx_word' id='word_1_297' title='bbox 602 2785 711 2840; x_wconf 74' lang='lat' dir='ltr'><strong>apud</strong></span> <span class='ocrx_word' id='word_1_298' title='bbox 739 2784 934 2825; x_wconf 78' lang='lat' dir='ltr'><strong>Nostrum</strong></span> <span class='ocrx_word' id='word_1_299' title='bbox 957 2788 1158 2834; x_wconf 67' lang='lat' dir='ltr'><strong>usurpata,</strong></span> <span class='ocrx_word' id='word_1_300' title='bbox 1189 2781 1258 2820; x_wconf 84' lang='lat' dir='ltr'><strong>ubi</strong></span> <span class='ocrx_word' id='word_1_301' title='bbox 1283 2780 1434 2832; x_wconf 76' lang='lat' dir='ltr'><strong>aliquid</strong></span> <span class='ocrx_word' id='word_1_302' title='bbox 1459 2780 1661 2832; x_wconf 78' lang='lat' dir='ltr'><strong>inopinato</strong></span> <span class='ocrx_word' id='word_1_303' title='bbox 1688 2780 1750 2820; x_wconf 76' lang='lat' dir='ltr'><strong>vel</strong></span> 
     </span>
    </p>
   </div>
  </div>
 </body>
</html>
