1864 3152
620 248 687 290 IN
721 247 1155 289 MENAECHMOS.
1560 247 1645 290 193

207 387 293 426 577.
356 378 508 426 AEtati
531 378 661 436 tuae.]
718 381 901 424 Provibi.
955 387 1067 437 eapt.
1098 389 1186 423 812.
1240 381 1354 421 “vae
1381 380 1489 419 etati
1519 382 1645 418 ωιτν

135 462 236 501 Rud.
259 467 368 503 1253.
423 463 600 503 “venus
621 463 794 503 eradicet
815 471 936 516 caput
957 471 1077 516 atque
1099 467 1246 501 oetaeem
1272 460 1407 500 tum?
1459 457 1647 498 Similiter

131 535 263 575 AEech.
290 537 466 590 Choeph.
494 543 582 577 434.
636 543 662 560 “
673 540 780 576 Αἴονι
807 539 898 591 σᾷ.”

203 650 291 691 579·
353 637 555 706 Volup]
618 649 767 689 Indecl.
786 656 826 688 et
842 648 984 702 volupe,
1013 648 1147 701 [quod
1164 648 1308 700 passim
1327 646 1435 699 apud
1454 638 1643 685 Nostrum

128 728 310 773 occurrit,
344 734 384 766 et
411 728 500 766 Ter.
534 727 632 766 Hec-
662 727 710 765 V.
738 740 796 765 ιν.
830 733 889 771 17.
944 727 1099 765 Phorm.
1131 726 1203 764 lv.
1233 739 1298 764 111.
1329 726 1389 778 5.]
1426 725 1542 764 vett:
1569 737 1643 776 pro

128 800 310 852 voluptas.
372 801 479 840 citat
512 801 682 847 Nonius,
719 801 816 852 Cap.
848 801 906 839 11.
931 807 1020 847 905,
1060 802 1181 839 Nost:
1222 799 1335 839 Asin.
1370 799 1458 846 916.
1521 799 1643 838 “Suo

126 876 258 914 animo
281 876 376 915 fecit
403 876 547 928 volup.''
599 876 717 915 Adde
743 876 831 914 Cas.
848 875 936 915 646.
990 880 1017 898 “
1030 875 1163 914 Facite
1187 881 1319 913 vomo
1341 874 1472 913 animo
1493 873 1641 926 volup.'’

128 948 245 988 Most.
266 956 349 997 149.
405 950 684 990 “victitabam
712 950 855 1002 volup.”
882 951 952 989 &c-

199 1067 287 1100 581.
350 1055 603 1118 Rescivit]
657 1061 758 1102 Has
781 1064 858 1114 got
885 1064 928 1101 to
956 1060 1083 1100 know
1112 1060 1149 1099 it
1176 1059 1248 1099 all.
1313 1062 1422 1100 Infia
1438 1066 1526 1108 590.
1552 1066 1639 1107 709.

126 1143 228 1182 Gell.
250 1144 304 1182 ΙΙ.
324 1156 415 1182 x1x.
468 1145 490 1159 ”
503 1143 584 1191 Qui
602 1144 749 1182 factum
767 1143 928 1194 aliquod
950 1143 1142 1182 occultius
1160 1149 1229 1181 aut
1245 1141 1491 1193 inopinatum
1507 1140 1639 1191 inspe-

123 1226 333 1270 ratumque
351 1219 563 1270 cognoscit,
581 1218 615 1257 is
633 1218 778 1257 dicitur
794 1217 953 1269 proprie
971 1218 1150 1256 rescire.“
1190 1217 1242 1255 Et
1259 1216 1438 1268 exempla
1454 1215 1637 1254 adducit:

126 1295 272 1346 quibus
290 1294 410 1333 addas
427 1307 477 1333 ex
498 1294 655 1341 Nostro,
682 1294 776 1332 Cist.
796 1299 881 1332 102.
934 1293 1055 1332 Mero.
1078 1292 1161 1332 106.
1180 1295 1249 1332 &c.
1303 1293 1471 1331 Terent:
1499 1298 1639 1343 quater

123 1368 167 1406 in
186 1368 348 1413 Andria,
375 1367 417 1405 in
434 1367 599 1419 reliquis
616 1368 761 1406 fabulis
777 1367 840 1406 bis
857 1375 980 1413 terve,
1008 1373 1042 1406 et
1059 1380 1204 1419 semper
1221 1367 1287 1406 hoc
1304 1380 1430 1412 sensu,-
1457 1379 1550 1405 usus
1567 1373 1637 1404 est.

125 1442 175 1480 In
200 1443 339 1493 primis
368 1443 492 1493 igitur
523 1443 689 1481 verbum
720 1449 780 1481 est
807 1442 1034 1481 Comicum:
1072 1447 1361 1493 usurpaverunt
1393 1448 1524 1480 tamen
1557 1441 1636 1486 alii,

124 1530 348 1568 quanquam
367 1516 535 1568 parcius.
589 1517 636 1554 E.
653 1530 693 1567 g.
722 1517 800 1555 Ov.
818 1517 915 1555 Met.
934 1517 989 1554 ΙΙ.
1007 1521 1094 1555 424.
1139 1517 1260 1554 “Aut
1277 1516 1310 1554 si
1327 1515 1518 1559 ’ποῖον-ἅ,-
1546 1523 1639 1555 sunt

125 1591 183 1630 O!
213 1598 305 1630 sunt
316 1590 453 1643 jurgia
469 1591 569 1629 tanti
579 1592 621 1629 ?’'
659 1590 728 1640 (de
746 1591 858 1630 Jovis
875 1590 1098 1642 adulterio.)
1151 1590 1257 1629 Vide
1274 1590 1368 1629 Aul.
1388 1596 1474 1634 727.
1510 1591 1637 1630 Gloss.

208 1725 275 1733 —
345 1693 565 1755 Ordine.]
628 1698 759 1739 From
795 1699 1034 1752 beginning
1063 1702 1106 1739 to
1142 1698 1250 1746 emh
1293 1697 1358 1751 (in
1388 1712 1514 1755 every
1541 1712 1637 1756 par-

124 1778 313 1835 ticular.)
376 1785 487 1836 Virg.
515 1785 605 1823 AEn.
633 1758 712 1823 111.
742 1791 826 1831 179.
878 1790 904 1807 “
919 1786 1096 1837 Remque
1122 1785 1251 1824 ordine
1275 1785 1441 1837 pando-'³
1639 1766 1641 1768 ι

196 1904 284 1943 537.
346 1892 589 1955 Postilla]
648 1900 781 1942 Since
810 1901 925 1941 then.
983 1904 1114 1956 Supra
1139 1904 1226 1944 256.

196 2022 285 2056 588.
347 2010 625 2074 Defi'udes.]
678 2015 884 2072 Desraud
907 2031 971 2059 me
990 2018 1048 2073 of.
1109 2017 1338 2074 Afraudo:
1368 2029 1413 2062 ut
1436 2021 1588 2062 occlude
1612 2038 1635 2062 a

124 2098 264 2137 claudo
273 2114 286 2145 ;
314 2107 354 2138 et
379 2099 508 2138 simin„
561 2100 653 2138 Ter.
680 2100 758 2138 Ad.
778 2100 835 2138 11.
855 2113 902 2138 11.
923 2105 985 2139 38.
1038 2101 1203 2140 “Etiam
1230 2101 1458 2154 ddi-udat&
1486 2106 1556 2143 &c-

207 2232 274 2242 ...
343 2203 554 2252 Affectas
575 2203 735 2264 viam]
783 2207 871 2248 Are
893 2208 1062 2261 aiming
1080 2213 1140 2249 at.
1192 2214 1282 2253 Hoc
1299 2227 1416 2253 sensu
1434 2215 1526 2255 Aul.
1545 2219 1632 2254 530.

127 2289 222 2328 “Ut
244 2303 308 2328 me
329 2289 499 2341 deponat
522 2289 627 2336 vino,
653 2303 739 2329 eam
756 2289 911 2342 affectat
935 2290 1068 2328 viam?
1121 2290 1212 2330 Ter.
1234 2292 1381 2330 Heaut.
1400 2292 1454 2330 II.
1481 2305 1547 2330 111.
1569 2292 1631 2332 60.

126 2370 154 2387 “
165 2362 227 2402 Ad
242 2364 419 2403 dominas
438 2365 507 2416 qui
525 2363 709 2417 affectant
726 2363 860 2402 viam.”
912 2363 1072 2402 Phorm.
1088 2364 1140 2402 V.
1158 2377 1236 2403 vu.
1256 2371 1317 2409 71.
1356 2365 1470 2417 Virg.
1488 2367 1537 2404 G.
1556 2366 1631 2405 IV.

127 2436 214 2478 562.
267 2444 295 2461 “
309 2435 487 2491 Viamque
502 2437 659 2490 affectat
677 2438 886 2490 Olympo.”
912 2439 983 2477 &c-

201 2550 287 2592 592.
348 2539 515 2590 Patiar
529 2539 561 2602 !]
636 2543 740 2598 Very
761 2544 886 2585 well!
918 2544 967 2585 be
985 2545 1023 2585 it
1043 2558 1101 2585 so.
1146 2548 1259 2588 Ἔιεν.
1299 2550 1394 2589 Aul.
1410 2522 1472 2597 49.
1510 2551 1631 2591 “Pa-

125 2627 234 2666 lior.’'
286 2627 416 2679 Supra
439 2632 527 2672 572.
579 2633 606 2650 “
617 2625 885 2666 Patiundum?
937 2626 1131 2666 Hodierni
1157 2627 1269 2666 Itall:
1298 2627 1553 2667 ‘Pazienza2’

199 2735 287 2777 593.
349 2725 410 2774 In
432 2722 625 2785 oculos]
677 2732 783 2772 Vide
812 2731 925 2771 Nott.
978 2732 1087 2771 Hinc
1117 2732 1229 2784 quasi
1254 2733 1522 2785 proverbium,
1547 2746 1631 2776 ene

126 2811 575 2859 §amaziam-tument.
625 2811 707 2851 Cic.
736 2812 822 2850 Att.
853 2810 1106 2849 V1.2.ned.
1159 2811 1630 2853 “Publimnin’noeulis

232 2888 281 2921 25
