1864 3152
627 265 694 307 IN
727 264 1188 307 AULULAmAM.
1567 261 1654 318 177

135 392 355 431 cmtrivisti
386 391 575 431 bubulor.”
614 393 639 430 i.
657 406 691 431 e.
718 393 812 438 lora,
841 393 974 444 flagra.
1009 393 1105 431 Juv.
1126 393 1205 432 Sat.
1224 392 1295 431 vl.
1314 398 1401 438 492.
1456 398 1481 415 “
1498 392 1652 431 Taurea

136 468 253 520 punit
280 468 477 506 Continuo
503 468 593 507 flexi
622 469 772 507 crimen
800 468 1033 519 facinusque
1059 468 1226 519 capilli.”

209 596 298 635 556.
361 590 659 656 Compedes]
731 597 913 638 Fettere.
978 600 1084 638 Men.
1112 605 1148 637 4.
1178 599 1227 636 G.

208 710 300 750 561.
364 705 699 771 Arbitrarier]
771 714 995 758 Arbitrari,·
1034 715 1181 754 arbiter
1211 728 1295 754 esse
1307 730 1319 760 ;
1358 714 1400 752 be
1432 728 1456 752 a
1490 713 1651 752 witness.

135 798 281 837 Gnon:
329 797 439 837 Lect.
477 798 606 836 Plaut.
658 799 682 812 ”
698 797 910 844 Arbitrari‚
958 799 1023 837 hic
1061 798 1166 837 idem
1204 806 1264 838 est
1303 798 1411 850 quod
1446 799 1651 850 inspicere,

135 872 402 924 contemplari.
457 872 559 910 Nam
587 870 770 910 arbitrum
796 872 948 923 utique,
981 879 1050 910 aut
1068 871 1258 923 judicem,
1280 884 1514 921 cognoscere
1530 871 1655 922 probe

131 955 171 985 et
193 948 387 999 inspicere
410 961 495 986 rem
523 948 648 993 decet,
681 955 890 999 antequam
914 947 1127 985 arbitretur
1149 960 1246 992 rem,
1277 955 1318 985 et
1338 947 1501 998 judicet.
1547 947 1655 985 Hinc

132 1021 278 1060 arbiter
302 1036 376 1074 pro
402 1037 462 1068 eo,
490 1023 560 1074 qui
587 1023 709 1068 videt,
739 1023 802 1061 vel
830 1022 952 1061 audit.
1008 1022 1106 1061 Hor.
1132 1023 1208 1074 Ep.
1231 1022 1263 1059 1.
1286 1033 1346 1059 11.
1374 1021 1436 1060 26.
1489 1021 1652 1060 “Locus

135 1096 247 1135 effusi
285 1097 362 1136 late
396 1098 515 1136 maris
553 1097 735 1136 arbiter.”
792 1097 818 1135 i.
835 1111 869 1136 e.
896 1110 945 1136 ex
981 1110 1061 1148 quo
1099 1097 1176 1135 late
1211 1096 1253 1134 in
1288 1108 1395 1133 mare
1429 1095 1653 1147 prospicere

133 1171 269 1221 possis.
324 1171 426 1209 Plin.
454 1171 544 1209 Lib.
574 1171 626 1209 V.
654 1177 716 1214 27.
779 1171 974 1209 “Taurus
1007 1183 1120 1208 mons
1150 1169 1446 1208 innumerarum
1473 1169 1651 1220 gentium

132 1245 311 1283 arbiter.”
364 1245 577 1297 [“Where
602 1245 750 1291 Andes,
778 1245 890 1296 giant
915 1245 963 1282 of
984 1244 1052 1283 the
1082 1251 1251 1282 western
1277 1250 1369 1289 star,
1399 1242 1524 1280 Looks
1549 1242 1651 1280 from

131 1321 192 1359 his
211 1320 352 1359 throne
370 1321 417 1359 of
433 1320 569 1359 clouds
589 1322 665 1359 o’er
683 1319 776 1371 hals
785 1320 847 1358 the
869 1320 1022 1358 world?
1075 1320 1238 1371 Campb.
1259 1318 1384 1357 Pleas.
1409 1319 1457 1356 of
1469 1319 1652 1370 Hope.—

134 1402 159 1418 “
171 1395 305 1434 While
323 1395 539 1435 over-head
557 1395 625 1434 the
641 1409 759 1434 moon
778 1396 847 1434 sits
864 1394 1084 1433 arbitrem?
1130 1394 1233 1433 Milt.
1254 1394 1339 1432 Par.
1360 1394 1467 1432 Lost.
1486 1393 1520 1431 1.
1538 1393 1653 1446 785.]

133 1470 280 1508 Noster
310 1470 396 1508 Mil.
422 1475 506 1509 158.
553 1469 696 1508 “Mihi
728 1469 889 1520 quidem
911 1469 994 1520 jam
1023 1467 1164 1507 arbitri
1186 1468 1306 1507 vicini
1334 1470 1460 1507 sunt-'³
1512 1469 1598 1506 Cas.
1617 1473 1655 1507 2.

136 1544 317 1583 Trinum.
346 1549 462 1584 125.“
514 1544 652 1583 Addas
688 1543 809 1595 Apul.
848 1543 947 1582 Met.
977 1543 1066 1582 Lib.
1093 1543 1124 1581 1.
1193 1542 1394 1581 “Curiose
1429 1540 1654 1580 arbitrabar

131 1621 319 1673 jugulum
347 1620 536 1660 comitis.”
610 1620 651 1670 (I
675 1619 881 1659 examined
915 1618 1179 1670 attentively.)
1235 1619 1294 1658 rb.
1315 1618 1370 1656 II.
1398 1623 1425 1641 “
1436 1618 1655 1657 Editiorem

136 1695 335 1747 quendam
376 1695 550 1747 lapidem
589 1695 784 1739 insistens,
835 1702 978 1733 cuncta
1024 1693 1186 1733 curiosis
1230 1693 1353 1732 oculis
1398 1693 1654 1732 arbitrabar?

134 1768 227 1807 Alia
253 1769 432 1820 exempla
455 1782 505 1807 ex
532 1769 671 1808 eodem
699 1776 858 1808 auctore
884 1768 1050 1807 contulit
1082 1767 1310 1806 Lambinus.
1362 1767 1466 1806 Vide
1494 1767 1607 1806 Nott.

206 1883 296 1922 562.
359 1878 646 1939 Indicassis.]
715 1887 794 1924 Pro
820 1886 975 1931 indices,
1015 1887 1077 1925 vel
1113 1886 1351 1924 indicaveris.
1408 1887 1535 1939 Supra
1567 1893 1651 1928 185.

135 1970 223 2004 540.
277 1965 387 2004 Infra
404 1965 491 2004 565.

204 2083 294 2123 564.
357 2078 574 2127 Praedam
606 2082 755 2143 agan]
839 2090 860 2102 ·’
875 2088 998 2141 Agere
1021 2088 1204 2140 proedam,
1249 2089 1322 2138 (ait
1350 2089 1498 2127 enon:
1540 2090 1649 2129 μοι.

135 2166 284 2217 Plaut.)
321 2166 481 2217 propria
509 2165 663 2217 phrasis
693 2174 753 2205 est
780 2167 830 2205 de
860 2167 1004 2206 alienas
1038 2175 1173 2213 terras,
1216 2180 1344 2218 agros,
1374 2168 1497 2213 villas,
1526 2181 1653 2219 popu-

134 2242 307 2281 lantibus
337 2250 377 2280 et
407 2242 697 2293 diripientibus.
752 2244 840 2282 Liv.
869 2244 959 2283 Lib.
978 2244 1011 2282 1.
1066 2250 1093 2267 “
1107 2245 1271 2283 Romani
1303 2258 1351 2283 ex
1381 2245 1549 2290 Albano,
1579 2245 1651 2284 Al*—

135 2317 228 2355 bani
278 2330 327 2355 ex
377 2316 556 2354 Romano
597 2317 757 2368 praedas
804 2318 972 2357 invicem
1025 2320 1216 2370 agerent?
1287 2319 1380 2357 Tac.
1426 2319 1530 2357 Hist.
1577 2318 1651 2357 IV.

138 2399 163 2415 “
178 2392 331 2430 Vastari
366 2391 492 2430 Ubios
523 2392 796 2443 Treverosque
822 2393 961 2445 jubet:
998 2399 1096 2432 actoe
1127 2394 1275 2444 ubique
1303 2393 1483 2445 proedoe.”
1542 2393 1646 2432 Just.

139 2464 275 2502 XXII.
304 2463 340 2502 6.
382 2470 407 2485 ‘¹
422 2463 586 2501 Praedas
607 2463 787 2514 ingentes
812 2464 966 2516 agit.”“
1003 2465 1132 2504 Graeci
1155 2465 1293 2504 dicunt
1314 2469 1524 2510 λεηλατεῖντ
1544 2465 1653 2516 quod
1717 2474 1721 2477 '

136 2545 247 2576 notat
275 2537 411 2577 Lum-
440 2538 563 2576 citans
590 2539 687 2576 Caes.
719 2538 806 2577 Lib.
824 2539 897 2577 VI.
953 2545 979 2562 “
994 2539 1136 2577 Praeda
1166 2553 1213 2578 ex
1239 2539 1421 2578 omnibus
1442 2539 1537 2579 locis
1561 2552 1652 2591 age-

138 2613 286 2653 batur.”
338 2613 456 2652 Corn.
484 2614 585 2664 Nep.
605 2613 718 2652 XIV.
745 2615 840 2666 Cap.
862 2621 920 2654 10.
975 2614 1187 2667 “Magnas
1209 2614 1369 2667 proedae
1397 2613 1515 2666 agit.”
1569 2613 1649 2654 Ubi

138 2695 270 2726 tamen
309 2687 374 2726 alii
409 2688 512 2740 capit
548 2687 699 2739 legunt,
743 2689 904 2727 fortasse
940 2702 987 2727 ex
1019 2689 1349 2739 interpretatione,
1386 2695 1431 2726 ut
1454 2688 1510 2733 fit,
1547 2689 1653 2728 voci·

138 2762 264 2800 rarius
294 2763 368 2801 hoc
398 2775 514 2800 sensu
546 2762 707 2800 usitatae.

243 2839 292 2872 23
