1864 3152
638 244 707 286 IN
741 243 1177 285 MENAECHMOS.
1578 242 1663 283 185

220 382 308 421 446.
373 377 479 425 Abs
503 375 591 437 ἴα]
643 386 754 438 Παριί
772 389 944 423 σεαυτοῦ.
988 386 1050 424 De
1068 392 1135 423 tua
1154 384 1342 436 pecunia;
1372 389 1416 422 ut
1434 384 1561 434 Supra
1580 383 1666 422 206.

221 488 309 528 449·
372 478 620 532 Quantum
647 478 829 543 possit]
881 487 986 526 Vide
1015 488 1142 538 Supra
1161 491 1246 525 340.
1284 484 1412 523 Gloss.

231 621 297 628 —
370 591 472 648 Qui
502 593 714 653 liceant.]
774 602 879 641 Vide
910 603 1018 640 Non.
1072 601 1140 640 sic
1176 600 1288 638 1nfra
1326 605 1436 639 1054.
1489 604 1513 621 “
1526 597 1667 651 Qniqui

146 675 340 714 licebant?
393 677 472 716 Cic.
493 680 575 717 Att.
596 678 691 716 XII.
709 685 771 718 23.
790 680 883 717 med.
937 685 963 701 “
977 679 1040 717 De
1059 678 1180 716 Drusi
1198 677 1335 722 hortis,
1354 676 1487 729 quanti
1504 675 1667 722 licuisse,

146 759 189 790 tu
217 752 389 791 scribis.''
418 739 483 803 (at.
500 752 607 791 what
629 753 739 805 price
764 753 860 805 they
884 767 950 792 are
970 753 1142 803 valued.)
1195 752 1351 790 Licetur
1371 751 1477 790 enim
1500 758 1667 804 emptor,

147 839 216 864 seu
243 826 435 869 licitantem
464 826 610 878 (Μαίη)
646 826 769 866 Stich.
801 832 890 866 202.
921 828 991 865 &c.
1044 826 1154 864 Licet
1184 832 1385 877 emptum3
1420 825 1474 875 (is
1500 825 1667 878 valued.)

147 902 247 940 Hor.
266 902 347 940 Sat.
361 902 395 940 1.
409 914 467 940 vx.
491 909 550 942 13.
593 907 617 925 “
630 902 760 941 Unius
777 903 872 941 assis
889 902 984 940 Non
1002 914 1179 953 unquam
1197 901 1326 953 pretio
1342 901 1469 952 pluris
1486 901 1669 940 licuisse?

147 977 247 1026 (was
265 977 429 1016 deemed
447 976 603 1029 worth.)
622 979 692 1016 &c.

220 1086 308 1120 454.
373 1077 465 1124 Fer
486 1074 696 1140 pedem]
757 1080 866 1134 Step
884 1079 1099 1135 sorward.
1161 1082 1269 1121 Citat
1293 1082 1438 1121 Lan:
1477 1081 1592 1133 Virg.
1616 1083 1670 1121 G.

147 1162 180 1199 1.
202 1168 261 1201 11.
298 1163 447 1202 “Ferte
464 1163 581 1201 simul
600 1164 809 1215 Faunique
822 1163 991 1215 pedem.”
1019 1162 1118 1200 Hor.
1132 1161 1210 1200 Od.
1227 1161 1281 1200 ΙΙ.
1300 1173 1380 1199 xn.
1402 1167 1461 1206 17.
1498 1161 1669 1209 “Quam

148 1237 343 1288 necserre
359 1239 487 1290 pedem
506 1238 690 1277 dedecuit
707 1238 871 1277 choris-’³

231 1367 297 1375 —-
369 1335 545 1384 Confer
566 1333 807 1400 gradum]
864 1339 1005 1380 Mena
1022 1353 1134 1392 your
1153 1353 1273 1393 pace.
1332 1344 1502 1383 Festina.
1529 1345 1669 1384 Pseud.

149 1429 235 1467 708.
290 1430 317 1446 “
333 1422 473 1475 Confer
486 1423 651 1476 gradum
670 1430 805 1462 contra
821 1423 1001 1474 pariter.”
1028 1424 1099 1461 &a

221 1524 310 1558 455.
374 1512 636 1572 Abiciam.]
698 1522 773 1559 Pro
799 1521 908 1573 vulg.
935 1520 1130 1573 abjiciam.

220 1624 308 1658 458·
372 1614 618 1673 Danunt]
674 1623 779 1661 Vett.
797 1636 872 1674 pro
888 1624 991 1661 dant.
1045 1622 1162 1661 Cure.
1185 1622 1270 1662 126.
1319 1628 1347 1646 “
1355 1623 1504 1662 Vinum
1523 1625 1670 1664 danunt

148 1703 363 1754 potantes.”
415 1701 542 1741 Merc.
571 1707 659 1740 223.
713 1701 911 1739 “Somnia
946 1702 988 1739 in
1019 1702 1165 1739 somnis
1196 1701 1379 1740 danunt.’'
1433 1703 1552 1743 Truc.
1584 1710 1672 1745 345.

149 1783 176 1800 “
191 1777 307 1815 Daue
331 1776 518 1815 savium.”
545 1777 615 1815 &c.

223 1881 311 1921 460.
377 1874 657 1941 Compileh]
694 1880 851 1922 Steals.
898 1884 1079 1922 Furetur.
1100 1883 1198 1922 Hor.
1220 1884 1298 1922 Sat.
1314 1885 1346 1922 Ι.
1362 1898 1390 1923 1.
1409 1891 1472 1929 78.
1515 1885 1615 1925 “Ne
1631 1892 1672 1925 te

147 1963 343 2016 compilat
366 1963 601 2014 fugientes.”
657 1963 715 2000 Ib.
738 1968 822 2001 120.
876 1962 981 2000 “Ne
1003 1976 1068 2001 me
1086 1962 1257 2015 Crispini
1281 1964 1423 2002 scrinia
1443 1964 1545 2016 lippi
1565 1964 1672 2004 Com·

150 2038 293 2091 pilasse
326 2040 481 2090 putes.”
534 2040 555 2053 ”
571 2038 608 2076 A
646 2039 773 2075 πιλοῦν
811 2036 978 2089 stipare:
1026 2037 1121 2088 quia
1157 2038 1264 2076 fures
1303 2039 1451 2091 stipant
1493 2054 1540 2078 ea
1582 2054 1673 2091 quae

150 2115 373 2153 furentur.“
413 2114 538 2152 FAcc.
592 2113 704 2152 Infra
729 2112 816 2152 642.
871 2112 1063 2164 Suppilas.
1092 2126 1161 2163 qu.
1189 2113 1269 2151 vid.

224 2221 329 2261 462·
376 2212 693 2274 Manufesto]
747 2225 858 2262 Infra
875 2229 962 2270 494.
999 2223 1110 2263 Trin.
1125 2229 1212 2269 877.
1251 2225 1447 2264 “Teneor
1463 2225 1673 2276 manufesto

147 2305 313 2344 miser!’'
366 2304 482 2342 Most.
518 2303 607 2349 659.
661 2302 921 2355 “Manifesta
963 2305 1134 2343 teneor.”
1189 2304 1330 2343 Pseud.
1366 2309 1454 2348 748.
1512 2311 1535 2327 “
1549 2304 1672 2351 Quid,

151 2393 272 2431 quom
307 2379 518 2430 manufesto
554 2381 737 2417 tenetur?
793 2380 869 2417 Cn.
897 2378 1088 2430 Anguilla
1128 2381 1221 2417 est.’'
1274 2379 1328 2417 Et
1362 2379 1456 2418 hinc
1491 2379 1673 2430 adjectiv.
1730 2387 1734 2390 ’

153 2455 246 2494 Aul.
272 2459 359 2494 423.
413 2459 439 2476 “
452 2454 600 2492 Furem
625 2453 973 2506 mamfffestariuml’
1001 2453 1043 2504 (a
1067 2453 1174 2492 thief
1195 2453 1335 2505 caught
1362 2454 1403 2492 in
1430 2454 1492 2493 the
1502 2454 1630 2506 fact.)

235 2578 302 2587 ··-
372 2550 661 2616 opprimes]
696 2558 991 2611 Deprehendes.
1045 2560 1340 2613 καταφωρόσεις.

225 2668 313 2709 466·
375 2662 644 2729 Persequi]
705 2668 770 2710 To
793 2673 911 2711 truce
929 2670 1030 2711 him.
1086 2673 1140 2712 H.
1158 2674 1184 2711 l.
1212 2674 1461 2726 investigare.
1501 2672 1559 2712 Ut
1576 2673 1671 2712 Cist.

158 2755 241 2789 183.
296 2749 457 2788 “Jubet
490 2751 602 2789 illum
629 2751 818 2803 persequi,
855 2751 888 2789 si
913 2765 995 2803 qua
1026 2759 1145 2803 queat
1175 2752 1384 2804 reperire.”
1436 2752 1553 2790 Cure.
1588 2756 1673 2796 109.

155 2824 272 2863 “Sed
298 2824 372 2863 hac
398 2823 518 2871 abiit;
545 2824 620 2863 hac
642 2827 888 2876 persequar.”

255 2900 306 2933 24·
