1864 3152
677 243 744 284 IN
779 244 1240 287 AULULARIAM.
1630 246 1715 291 195

197 367 239 406 in
262 366 454 405 brevibus
479 372 599 417 atque
625 365 814 417 syrtibus,
842 366 1003 406 laboret.
1059 369 1170 407 Nost.
1194 367 1298 406 Rud.
1323 373 1384 411 87.
1439 374 1463 390 ‘⁴
1477 370 1532 407 At
1559 368 1597 406 in
1626 370 1720 409 vado

196 445 277 478 est.-
302 440 385 491 jam
412 439 526 478 facile
553 439 721 478 mabit-'¹
749 439 820 489 (de
846 441 1010 480 muliere
1036 456 1058 480 e
1084 442 1175 480 navi
1202 443 1359 494 ejecta.)

271 572 358 616 764.
424 565 753 631 Pedissequa]
819 572 995 615 Femace
1017 574 1261 615 attendant.
1326 579 1454 631 snpra
1473 586 1559 620 455.

272 726 359 770 766.
423 721 563 769 Auro
586 717 844 779 onustam]
891 729 1020 780 Supra
1038 728 1125 768 565.
1146 735 1216 773 571
1229 744 1240 774 ;
1272 730 1502 770 “Onustam
1520 731 1640 770 auri.”

271 885 358 922 770.
422 872 693 922 Contollam
727 873 967 937 gradum]
1036 878 1066 917 I
1093 878 1184 919 will
1211 883 1305 933 step
1333 885 1422 921 out.
1481 885 1595 923 Con:
1631 886 1718 923 Ms:

197 965 359 1004 ”Simul
382 966 530 1012 tollam,
558 965 690 1005 eundo
714 965 766 1004 ad
791 966 964 1017 ipsum.“
1016 966 1188 1012 Nonius,
1217 967 1312 1019 Cap.
1333 968 1388 1006 11.
1417 974 1501 1016 100,
1527 971 1720 1022 interpre-

197 1049 315 1087 tatur,
344 1047 478 1080 contra
506 1041 644 1080 tollam.
699 1041 930 1087 Lambinus,
960 1055 1035 1093 pro
1061 1041 1266 1093 corgferam,
1298 1045 1429 1083 sumit.
1482 1045 1563 1084 Sed
1588 1047 1720 1098 potius

198 1116 355 1155 videtur
386 1130 470 1156 esse
500 1130 575 1169 pro
606 1117 735 1168 simpl.
762 1116 902 1162 tollam,
932 1124 978 1155 ut
1004 1117 1055 1156 sit
1082 1131 1231 1164 sensus,
1262 1117 1352 1157 bene
1377 1119 1575 1159 ambulabo
1581 1136 1599 1164 ;
1629 1135 1719 1161 nam

198 1191 268 1243 qui
299 1191 464 1230 celerius
495 1205 536 1230 se
566 1198 740 1237 movent,
770 1191 942 1243 gradum
969 1191 1086 1231 altius
1113 1193 1216 1232 inter
1244 1195 1527 1234 ambulandum
1553 1196 1719 1244 tollunt3

198 1266 305 1305 unde
330 1265 515 1317 “gradus
538 1265 820 1317 grallatorius”
842 1272 902 1304 est
927 1279 1002 1317 pro
1029 1267 1198 1305 maxime
1221 1267 1437 1314 celerrimo,
1459 1270 1567 1321 apud
1586 1270 1720 1310 Nostr.

198 1342 345 1395 Amph.
373 1349 414 1381 et
441 1342 708 1381 “formicinus
734 1341 919 1393 gradu8,”
946 1354 1021 1393 pro
1047 1342 1282 1388 tardissimo,
1312 1344 1418 1382 Men.
1438 1349 1525 1387 787.

271 1484 358 1522 771.
424 1473 668 1536 Eampse]
728 1481 826 1520 Eam
845 1481 978 1534 ipsam.
1035 1482 1140 1520 Men.
1160 1482 1248 1526 675.
1303 1483 1421 1522 Truc-
1441 1490 1502 1530 95.
1546 1485 1721 1538 Eumpse.

200 1557 331 1610 Supra
348 1557 410 1597 62.

272 1708 360 1746 772-
422 1697 595 1755 Quin]
654 1701 761 1755 W'hy
782 1705 861 1742 not
874 1702 894 1741 ,θ
950 1704 1031 1750 Qui
1049 1716 1139 1742 non.
1193 1703 1410 1742 Men.164.

272 1851 359 1889 773.
424 1839 622 1904 Igitur]
678 1848 806 1887 Gloss.
825 1849 921 1887 Cod.
942 1849 996 1887 H.
1016 1855 1053 1888 2.
1107 1850 1128 1863 ’'
1139 1848 1281 1900 Igitur,
1300 1848 1473 1900 positum
1490 1861 1564 1899 pro
1576 1854 1719 1900 potica-

201 1928 333 1966 Non.“
386 1926 503 1979 (Cap.
523 1926 580 1965 11.
600 1927 709 1979 456.)
738 1927 809 1979 qui
831 1928 926 1967 citat
943 1928 1094 1980 Amph.
1120 1927 1170 1967 56
1182 1943 1194 1974 ;
1223 1934 1249 1950 “
1263 1927 1334 1966 Sin
1358 1927 1470 1966 aliter
1487 1934 1618 1966 essent
1637 1927 1721 1965 ani-

197 2001 306 2046 mati,
331 2013 461 2051 neque
483 1999 591 2046 dent,
619 2014 710 2052 quae
728 2008 859 2052 petat:
888 2015 972 2040 sese
998 2001 1119 2053 igitur
1144 2014 1295 2039 summa
1314 2001 1366 2046 vi,
1391 2001 1565 2052 virisque
1582 2014 1718 2040 eorum

199 2075 392 2127 oppidum
418 2078 743 2127 expugnassere.”

284 2255 351 2262 —
426 2226 583 2274 Manu
615 2228 819 2287 mittat.]
884 2234 995 2271 Infra
1030 2239 1119 2279 779,
1156 2238 1243 2280 780,
1284 2240 1324 2271 et
1359 2233 1464 2271 Men.
1492 2238 1582 2278 921,
1617 2239 1718 2279 941;

201 2325 315 2349 manu
351 2310 525 2349 emittere.
580 2311 641 2350 Ib.
670 2317 770 2358 9533
816 2311 1000 2350 amittere.
1052 2310 1174 2348 Paul:
1210 2311 1252 2348 in
1289 2310 1403 2348 Fest:
1451 2310 1590 2361 (quem
1625 2310 1721 2348 citat

200 2375 368 2437 Lunai)
395 2385 654 2424 ''Manumitti
674 2398 812 2424 servus
829 2385 1048 2431 dicebatur,
1076 2398 1167 2424 cum
1186 2383 1368 2422 dominus
1390 2384 1488 2435 ejus,
1516 2391 1585 2422 aut
1601 2392 1722 2435 caput

200 2460 379 2512 ejusdem
402 2460 517 2505 servi,
543 2466 614 2498 aut
633 2459 741 2498 aliud
764 2460 989 2498 membrum
1005 2466 1156 2503 tenens,
1182 2458 1349 2504 dicebat,
1379 2457 1501 2496 Hunc
1522 2457 1721 2497 hominem

201 2534 371 2573 liberum
396 2547 480 2573 esse
505 2533 611 2579 volo,
638 2540 679 2572 et
704 2533 909 2572 emittebat
933 2546 1025 2572 eum
1052 2535 1210 2570 manu.“

276 2677 364 2715 777.
427 2665 556 2714 Auri
586 2664 811 2731 plenam]
869 2674 958 2713 Hoc
992 2673 1118 2724 magis
1155 2671 1340 2710 Latinum
1378 2678 1438 2710 est
1473 2683 1592 2722 quam
1626 2684 1722 2710 aum

200 2752 365 2805 plenam,
402 2761 447 2791 ut
481 2760 616 2792 monet
650 2752 812 2800 Quinct.
850 2753 939 2790 Lib.
970 2752 1041 2790 IX.
1074 2764 1159 2802 cap.
1192 2756 1226 2789 3.
1280 2750 1337 2789 Et
1370 2750 1425 2789 ita
1461 2749 1632 2797 Servius,
1670 2750 1721 2789 ad
