1864 3152
670 235 738 276 IN
772 201 1209 277 MENAEcHMOS.
1610 228 1696 283 179

256 393 323 401 —
397 367 721 428 Lembulum]
771 372 866 413 The
895 373 1124 413 cocle-boat.
1177 375 1338 413 Dimin:
1364 386 1388 411 a
1410 371 1562 417 lembus,
1588 372 1700 410 navi-

170 451 226 501 gii
246 465 373 502 genus
394 454 716 493 minutissimum.
773 455 896 494 Merc.
919 461 1004 500 191.
1059 459 1083 477 ‘⁴
1096 454 1236 493 Lembo
1253 452 1464 492 advehitur
1479 458 1571 490 tuos
1588 457 1702 502 pater

167 525 415 577 pausilluh.”

256 664 323 671 —
398 633 721 694 Dierectum.]
779 641 847 681 To
877 642 1046 682 certain
1076 641 1197 681 rain.
1263 644 1323 682 Id.
1354 657 1422 694 qu.
1478 644 1526 682 In
1555 642 1699 681 malam

171 732 341 764 crucem,
371 721 550 767 exitium,
578 723 804 773 perniciem.
862 723 980 762 Varie
1004 723 1107 762 hanc
1132 737 1270 762 vocem
1293 723 1475 761 derivant
1498 722 1699 774 Etymoll:

170 808 339 845 quorum
372 797 510 848 optimi
543 805 636 836 sunt
667 797 750 849 qui,
788 798 900 849 quasi
934 798 1014 836 Sub
1050 798 1113 837 dio
1146 804 1319 844 erectum,
1353 799 1399 849 (i.
1417 813 1451 837 e.
1483 799 1524 836 in
1554 798 1703 847 cruce,)

168 870 378 922 explicant.
434 872 516 909 Alii
541 872 592 910 ad
617 872 803 911 Graecum
828 873 1049 927 διάῤῥηκτος·
1074 873 1309 925 (disruptus)
1329 873 1528 912 referunt:
1574 872 1700 924 [Cur-

170 946 246 984 cul.
265 951 353 984 244.
408 951 435 969 “
449 947 549 985 Lien
578 946 765 985 dierectus
791 949 885 986 est.’'
912 947 1188 986 ubi⁴nonnulli
1214 946 1367 998 legunt,
1393 960 1441 985 ex
1466 946 1701 999 interpreta-

167 1021 286 1066 tione,
318 1029 363 1059 ut
394 1021 565 1066 videtur,
602 1022 841 1074 disruptus]
895 1023 965 1061 sed
993 1023 1125 1061 minus
1160 1022 1291 1074 placet
1319 1021 1405 1060 haec
1433 1023 1698 1074 etymologia3

168 1096 378 1147 siquidem,
398 1109 489 1134 cum
503 1110 579 1134 vox
598 1098 813 1148 saepissime
830 1097 939 1149 apud
957 1097 1151 1136 Nostrum
1166 1104 1359 1143 occurrat,
1379 1111 1547 1149 semper,
1567 1098 1699 1144 credo,

169 1171 231 1208 vel
261 1171 393 1222 priore
421 1171 571 1222 syllaba
598 1171 804 1223 producta,
834 1173 896 1210 vel
923 1172 1079 1211 duabus
1101 1173 1302 1224 prioribus
1327 1173 1370 1210 in
1396 1186 1518 1211 unam
1541 1174 1699 1219 coactis,

167 1245 461 1297 pronuntianda
484 1253 555 1284 est.
608 1245 728 1298 (Vide
752 1246 794 1284 in
820 1247 930 1285 Nott.
955 1247 1090 1298 Critt.)
1145 1247 1234 1284 Vox
1255 1247 1429 1286 occurrit
1449 1247 1592 1287 Bacch.
1612 1248 1701 1287 546.

169 1327 196 1343 “
212 1321 397 1359 Recedin'
419 1321 513 1359 hinc
536 1321 695 1360 dier-ecte
704 1321 750 1358 ‚9”
793 1322 908 1373 Capt.
928 1322 1015 1361 562.
1071 1323 1127 1360 “I
1147 1322 1361 1368 dierectum,
1389 1336 1457 1361 cor
1478 1313 1625 1369 meum,
1653 1337 1702 1377 ac

168 1397 364 1448 suspende
382 1398 457 1436 te.”
510 1398 596 1435 Cas.
619 1403 677 1436 15.
732 1398 853 1436 “Abi
878 1411 959 1444 rus,
987 1398 1051 1436 abi
1076 1397 1295 1437 dierectus?
1349 1399 1472 1437 Merc.
1495 1404 1581 1438 181.
1610 1399 1699 1443 746.

169 1473 287 1511 Most.
308 1479 342 1512 8.
396 1473 551 1512 Poenul.
573 1478 635 1512 82.
664 1474 753 1514 216.
810 1473 912 1512 Rud.
936 1479 1047 1518 1072.
1103 1474 1214 1511 Trin.
1234 1479 1321 1517 427.

356 1531 373 1548 s

239 1589 328 1622 348.
390 1576 639 1638 Inscitus]
697 1587 829 1640 supra
854 1594 942 1628 345.
997 1589 1051 1626 Et
1086 1589 1222 1627 confer
1253 1588 1518 1628 eiste11.4o5.
1574 1589 1699 1628 “Nou

166 1680 247 1704 sum
280 1666 424 1712 scitior,
462 1680 551 1718 quae
590 1667 663 1705 hos
697 1669 873 1718 rogem.”
925 1667 1017 1705 Ter.
1055 1667 1155 1706 Hec.
1183 1668 1255 1705 IV.
1288 1680 1317 1705 1.
1351 1674 1414 1714 49.
1468 1668 1587 1706 “Sed
1622 1682 1699 1720 ego

163 1741 335 1787 stultior,
363 1742 461 1780 meis
487 1742 604 1780 dictis
630 1755 770 1794 parere
794 1741 898 1781 hanc
924 1743 994 1793 qui
1020 1743 1254 1793 postulem.”

238 1857 327 1898 349.
392 1845 543 1894 Dicto
571 1846 884 1908 audientem.]
944 1851 1152 1894 obedient
1183 1857 1226 1893 to
1256 1854 1326 1894 his
1359 1854 1520 1895 orders.
1590 1861 1697 1899 Pers.

166 1938 252 1980 398.
295 1938 322 1955 “
332 1932 448 1971 Dicto
465 1946 552 1970 sum
570 1931 768 1971 audien-§2¹³
804 1932 953 1985 Amph.
973 1939 1060 1978 837.
1102 1939 1128 1956 “
1142 1935 1239 1973 Sum
1252 1934 1368 1973 Jovis
1386 1935 1487 1974 dicto
1503 1937 1698 1976 audiens.”

165 2007 283 2046 Corn.
302 2008 410 2060 Nep.
431 2008 544 2045 XIV.
584 2008 631 2045 In
650 2007 829 2046 Datame.
856 2021 889 2046 c.
908 2014 946 2047 2.
989 2013 1016 2030 “
1028 2007 1069 2046 Is
1082 2009 1167 2059 regi
1187 2008 1285 2047 dicto
1302 2010 1463 2048 audiens
1478 2024 1559 2049 non
1576 2014 1696 2051 erat.”

237 2122 326 2156 350.
389 2110 650 2175 Temperi]
722 2117 781 2172 In
814 2117 926 2168 good
956 2118 1070 2157 time.
1132 2121 1182 2159 In
1216 2129 1407 2175 tempore.
1458 2125 1570 2163 Infra
1604 2126 1692 2170 367.

166 2198 343 2249 Antique
374 2197 569 2244 dicebant,
610 2197 788 2249 Tempus
822 2199 1034 2250 temperis,-
1068 2208 1113 2238 ut
1148 2200 1301 2252 Pignus
1336 2203 1537 2254 pigneris;
1576 2204 1693 2256 Opus

163 2273 316 2325 operis,·
356 2272 519 2318 Foenus,
552 2272 722 2311 foeneris.
776 2271 932 2311 videsis
965 2274 1131 2325 Ruperti
1167 2275 1218 2313 ad
1252 2275 1348 2313 Juv.
1383 2277 1462 2314 Sat.
1494 2278 1567 2315 IX.
1607 2284 1692 2317 141.

163 2354 192 2371 “
205 2347 435 2400 Pigneribus
450 2346 623 2398 positis?
669 2348 814 2386 Noster
835 2346 945 2386 Pers.
964 2347 1053 2391 765.
1097 2349 1145 2387 T.
1170 2355 1198 2372 “
1214 2350 1398 2401 Temperi.
1443 2350 1484 2389 S.
1511 2352 1571 2390 Mi
1588 2352 1692 2392 istuc

163 2422 317 2475 temperi
334 2436 421 2461 sero
438 2423 531 2461 est.”
576 2421 687 2459 Trin.
708 2427 794 2466 877.
841 2426 868 2442 “
883 2421 1059 2474 Temperi
1074 2422 1193 2463 hodie
1210 2426 1522 2465 anteveni.'’‘&c.

235 2538 324 2572 351.
388 2527 579 2576 Interea
620 2526 751 2588 loci.]
819 2531 1007 2586 During
1043 2535 1107 2574 all
1140 2534 1238 2574 that
1273 2535 1386 2575 time.
1456 2540 1547 2580 Ter.
1584 2543 1687 2583 Eun.

164 2614 220 2654 11.
241 2626 288 2651 11.
307 2619 369 2653 24.
422 2615 566 2653 “Dum
596 2614 811 2665 loquimur,
839 2614 984 2653 interea
1011 2614 1084 2653 loci
1104 2615 1154 2653 ad
1181 2617 1388 2655 macellum
1415 2618 1688 2660 advenimus.”

164 2689 308 2728 Noster
335 2689 454 2728 Truc-
484 2695 543 2728 11.
595 2689 786 2727 “Interea
812 2689 886 2728 Ioci
910 2692 1073 2728 tentat.''
1099 2692 1170 2730 &c.

237 2806 325 2839 352.
392 2796 630 2856 Facinus]
704 2802 859 2842 Crime.
931 2805 1094 2844 Dictum
1118 2805 1198 2855 joci
1227 2820 1355 2845 causa.
