1864 3152
719 261 1118 305 AULULARIA.
1649 258 1709 301 63

266 393 608 458 Salutigerulos
642 411 822 458 pueros,
854 394 1051 451 vehicla,
1086 395 1168 458 qui
1202 392 1362 442 vehar.

136 476 230 525 Eu.
266 477 345 526 Ut
379 486 699 526 matronarum
734 477 814 526 hie
844 477 972 526 faeta
1002 478 1220 542 pernovit
1253 478 1421 541 probe!

266 561 480 609 Moribus
512 561 784 625 praefectum
814 561 1067 609 mulierum
1098 560 1227 609 hune
1255 560 1431 609 factum
1466 560 1609 608 velim
1633 563 1641 607 !

135 643 247 692 ME.
264 644 410 693 Nune
441 662 626 709 quoquo
659 646 834 698 venias,
864 645 972 709 plus
1014 645 1332 709 plaustrorum
1366 645 1417 692 in
1449 645 1628 692 aedibus

266 728 458 785 Videas,
478 739 632 792 'quam
663 730 777 784 ruri,
811 728 999 792 quando
1033 728 1095 776 ad
1124 727 1288 775 villam
1324 729 1520 776 veneris.

1633 733 1711 772 460

267 811 360 859 Sed
394 811 481 859 hoe
514 812 656 859 etiam
688 810 903 874 pulcrum
939 808 1025 865 esf,
1060 827 1155 874 prae
1183 827 1324 874 quam
1369 811 1452 859 ubi
1493 817 1709 874 sumptus

460 902 633 959 petunt
648 911 660 942 :

266 977 374 1026 Stat
407 978 540 1034 fullo,
572 977 787 1042 phrygio,
821 956 1017 1034 aurifex,
1051 978 1273 1032 lanarius,

195 1129 220 1146 v.
237 1122 290 1147 4⁵6.
325 1122 378 1153 Qui
393 1123 483 1151 vehar,
499 1122 626 1147 undecim
641 1125 724 1147 nostr.
741 1121 824 1146 codd.
840 1125 868 1147 et
883 1121 918 1146 V.
933 1122 955 1146 1.
973 1122 1054 1147 etita
1070 1121 1135 1146 Edd.
1154 1121 1257 1146 medie.
1271 1121 1441 1152 Quivdtmu,
1467 1121 1497 1145 B.
1511 1122 1533 1145 1.
1551 1120 1620 1145 ΗΑ.
1639 1121 1709 1146 V.³.

131 1168 161 1190 et
184 1165 253 1189 Ra.
282 1165 366 1194 κλαί,
393 1164 721 1190 v.2.et1·:dd.AJd.et
746 1164 993 1196 Pamsedpiane
1015 1163 1711 1194 estemrexsimilimdinelitoexammt‚etr‚ut

132 1206 237 1237 ocrim
252 1205 281 1230 in
298 1205 388 1230 codd:
403 1208 517 1231 exstant.
552 1206 608 1230 Bo:
625 1205 803 1235 (numi-itate,
822 1208 855 1230 ut
867 1205 914 1234 ait,
933 1204 1025 1230 Codd:
1042 1204 1158 1236 Langgq
1176 1203 1440 1236 ‹miseran—458.
1458 1203 1577 1228 Μαι-ὦκ’
1592 1208 1712 1234 pronun-

132 1246 215 1271 tiand.
251 1246 793 1277 ptumi-‚nmmneahabetndaz

178 1347 265 1387 456.
282 1347 745 1399 Salutigerulospueros]
762 1349 886 1399 ‘Boys

134 1419 176 1449 to
200 1424 312 1462 oerry
342 1411 505 1462 visin'ng
529 1411 664 1450 casds:
718 1411 799 1459 Qui
827 1425 887 1449 sa-

132 1477 258 1515 lutem
275 1476 410 1514 amicis
428 1485 469 1515 et
486 1477 685 1515 sodalibus
702 1477 800 1515 meis
817 1490 886 1528 ge-

134 1546 233 1578 rant.
288 1539 379 1578 Hoc
402 1548 473 1585 est,
503 1540 572 1590 qui
603 1540 701 1578 mihi
732 1540 885 1587 visendi

135 1601 261 1639 officio
286 1601 516 1651 fungantur.

185 1698 239 1704 —
287 1674 455 1720 Venio-la,
482 1675 549 1726 qui
566 1674 722 1726 veham]
768 1674 886 1712 ‘Car-

133 1740 262 1789 riages
291 1738 354 1776 for
389 1751 452 1776 me
480 1746 522 1776 to
549 1738 635 1776 ride
664 1738 730 1776 in.’
782 1737 889 1775 Vide

135 1802 263 1840 Gloss.
288 1809 329 1839 et
346 1802 481 1840 confer
498 1801 629 1840 locum
648 1801 889 1839 consimilem

133 1864 241 1916 apud
260 1865 392 1902 Nostr.
414 1864 539 1902 Stich.
559 1864 634 1908 267
662 1877 747 1915 sqq.

134 1942 155 1956 “
170 1940 233 1971 Sed
253 1940 391 1976 tandem,
411 1939 534 1978 opinor,
563 1939 682 1978 aequius
705 1944 762 1975 aet,
782 1939 887 1970 beram

211 1988 288 2020 mihi
306 1999 371 2020 ωε
388 1988 577 2028 supplicem,
595 1996 690 2028 atque

173 2040 321 2071 Oratoroe
352 2039 472 2071 mittere
513 2041 554 2071 ad
581 2051 644 2078 me,
677 2041 821 2079 donaque
848 2051 887 2071 ex

210 2101 300 2128 auro,
318 2097 350 2122 et
368 2090 544 2130 quadrigas,

175 2143 240 2181 Qui
255 2143 369 2175 vehar:
393 2153 466 2174 nam
485 2143 617 2182 pedibus
636 2143 682 2174 ire
701 2153 764 2174 non
774 2142 888 2180 queo.”

186 2207 275 2241 458.
330 2201 507 2239 Moribus
520 2201 745 2253 praesectum
762 2201 891 2239 mulie-

134 2280 229 2311 rum,
244 2264 344 2316 etc.]
371 2264 525 2303 Vellem
543 2278 634 2303 eum
652 2278 737 2303 esse
755 2277 891 2303 censo-

131 2341 217 2367 rem
231 2327 282 2365 ad
295 2326 547 2378 corrigendos
558 2334 739 2378 sumptus
749 2327 891 2364 nimios

132 2391 356 2430 mulierum.
427 2390 535 2428 Con.
565 2390 647 2428 Ms.
675 2389 889 2427 Γυναικοκό-

134 2471 246 2503 σμους·
263 2453 463 2505 appellant
481 2453 624 2498 Graeci,
636 2444 888 2504 magistratus

133 2518 345 2557 mulierum
362 2518 539 2556 moribus
556 2518 788 2569 praefectos:
817 2517 887 2568 qui

133 2587 175 2624 in
197 2587 381 2626 mulieres
411 2600 553 2638 parum
578 2586 775 2625 modestas
802 2586 885 2624 ani-

132 2650 454 2696 madvertebant3
498 2657 611 2688 erant
644 2657 775 2688 autem
810 2663 886 2687 nu-

133 2727 243 2752 mero
278 2714 432 2764 viginti.
468 2715 591 2753 Marc.
632 2714 739 2752 Tull.
776 2714 886 2752 Libr.

135 2777 208 2814 1V.
240 2776 302 2814 De
314 2776 415 2828 Rep.
433 2791 482 2816 ex
495 2778 642 2824 Nonio,
656 2778 779 2816 “Nec
796 2792 887 2817 vero

952 1348 1185 1386 mulieribus
1207 1348 1420 1399 praefectus
1441 1356 1710 1400 praeponatur,

953 1410 1023 1461 qui
1041 1410 1149 1462 apud
1168 1410 1329 1449 Graecos
1351 1411 1475 1449 creari
1500 1410 1598 1449 solet
1610 1426 1621 1448 z
1641 1410 1710 1449 sed

954 1474 1004 1512 sit
1023 1487 1160 1512 censor
1178 1474 1248 1525 qui
1262 1474 1367 1512 viros
1380 1474 1519 1513 doceat
1530 1474 1711 1512 modera-

952 1538 986 1576 ri
1005 1538 1231 1576 uxoribus.’'
1283 1538 1421 1576 Lum.

1005 1632 1094 1672 461.
1153 1631 1243 1670 Hoc
1278 1631 1390 1670 etiam
1404 1632 1584 1684 pulcrum
1615 1633 1709 1684 est]

955 1697 1046 1736 Hoc
1054 1698 1239 1749 pulcrum
1253 1697 1302 1748 [i.
1314 1712 1348 1736 e.
1359 1698 1473 1749 parvi
1482 1698 1711 1750 momenti‚]

954 1768 1025 1805 est,
1052 1768 1234 1813 respectu
1252 1761 1447 1812 majorum
1477 1769 1711 1813 sumptuum

955 1840 1057 1877 quos
1091 1825 1167 1863 viri
1203 1826 1354 1864 faciunt
1388 1826 1581 1864 uxoribus
1615 1826 1709 1864 suis.

955 1889 1062 1927 Con.
1083 1889 1163 1927 Ms.

1003 1993 1058 2000 -
1086 1969 1183 2008 Prae
1200 1971 1351 2022 quam]
1379 1970 1453 2007 ‘In
1465 1970 1710 2022 comparison

954 2034 1075 2072 with?
1110 2034 1266 2073 Eodem
1298 2048 1415 2073 sensu
1447 2048 1527 2085 quo
1563 2035 1713 2079 Proeue,

955 2098 1062 2136 Men.
1089 2102 1176 2137 285.

1009 2184 1096 2224 462.
1151 2184 1239 2223 seat
1252 2183 1374 2236 fauo,
1399 2174 1581 2236 phrygii»,
1608 2184 1711 2236 eta]

956 2246 1058 2284 Cum
1074 2245 1151 2284 hoc
1167 2245 1255 2284 loeo
1272 2245 1463 2291 conferas,
1484 2245 1602 2297 Epid.
1620 2251 1713 2285 222.

956 2322 1043 2360 sqq.

955 2402 976 2416 ‘⁴
990 2399 1076 2436 Quia
1094 2399 1171 2431 voeti
1198 2399 1364 2438 quotannis
1399 2398 1526 2430 nomina
1548 2398 1713 2430 inveniunt

1033 2459 1132 2480 nova:

992 2501 1146 2533 Tunicam
1160 2500 1282 2536 ranam,
1294 2500 1433 2531 tunicam
1443 2499 1585 2538 spissam,
1598 2499 1711 2532 linteo-

1028 2551 1097 2583 lum
1110 2550 1280 2585 cmicium,

992 2600 1200 2637 Indusiatam,
1228 2599 1434 2638 paagium,
1463 2599 1627 2637 caltulam,
1654 2604 1710 2631 aut

1034 2650 1243 2686 crocotulam,

998 2741 1077 2771 Haec
1097 2739 1251 2771 vocabula
1261 2738 1422 2770 auctiones
1440 2737 1590 2776 subigunt
1609 2744 1644 2770 ut
1663 2738 1712 2768 fa·

1032 2789 1116 2821 ciant
1133 2787 1222 2818 viri.”
