1864 3152
710 260 1110 303 AULULARIA.
1645 260 1704 315 77

246 391 391 447 Quod
420 391 604 454 jubeat,
638 392 748 439 citis
777 390 1019 456 quadrigis
1050 392 1191 440 citius
1221 400 1439 456 properet
1470 396 1701 458 persequi.

244 472 347 528 Qui
383 490 438 522 ea
471 473 668 529 curabit,
704 474 963 521 abstinebit
994 475 1211 522 censione
1243 474 1437 530 bubula,

1626 487 1701 521 555

246 554 351 603 Nec
370 572 453 602 sua
469 572 608 620 opera
626 555 810 619 rediget
828 572 1035 619 unquam
1055 557 1105 603 in
1126 556 1421 620 splendorem
1440 558 1702 622 compedes.

245 637 391 686 Nunc
407 637 548 686 herus
565 654 698 685 meus
717 644 846 685 amat
861 636 1008 684 filiam
1025 636 1169 700 hujus
1189 638 1438 687 Euclionis
1455 642 1700 704 pauperis;

247 720 372 769 Eam
401 720 513 769 hero
541 737 670 768 nunc
694 720 1026 767 renunciatum
1053 727 1126 767 est
1154 727 1362 784 nuptum
1392 720 1506 771 huic
1532 723 1704 787 Mega-

444 804 556 852 doro
587 803 690 852 dari
708 819 719 851 :

249 888 299 936 Is
336 888 630 952 speculatum
673 886 769 935 huc
802 887 935 935 misit
970 902 1062 943 me,
1098 894 1169 943 ut,
1206 904 1309 951 quae
1352 888 1534 945 fierent,
1569 890 1704 939 fieret

442 972 689 1035 particeps.

1627 984 1704 1026 559

246 1053 392 1102 Nunc
423 1055 524 1102 sine
554 1054 684 1102 omni
715 1055 977 1118 suspicione
1007 1054 1059 1101 in
1086 1070 1166 1102 ara
1196 1053 1276 1102 hic
1309 1055 1511 1103 assidam
1546 1073 1702 1104 sacra:

174 1163 199 1180 v.
218 1157 271 1179 555.
292 1156 419 1182 Ceruium
433 1157 540 1186 bimulo,
559 1157 602 1182 lta
616 1156 736 1188 quinque
750 1156 842 1181 Nostri
857 1156 954 1188 plane;
975 1156 1048 1188 apud
1066 1156 1183 1188 reliquos
1199 1160 1323 1189 corrupte
1342 1157 1568 1189 legium—⁵56.
1587 1158 1631 1183 Ita
1646 1158 1705 1183 haec

113 1198 196 1222 verba
215 1197 376 1224 ordinantur
389 1198 463 1230 apud
479 1205 574 1223 omnes
590 1198 645 1223 tere
665 1198 749 1223 codd.
767 1202 796 1223 et
810 1198 877 1223 md.
899 1198 973 1224 Vett.
989 1205 1122 1230 unquam,
1139 1205 1202 1224 cum
1213 1197 1289 1223 hiatu
1305 1198 1497 1231 legem-Pro
1511 1199 1620 1231 rediyet,
1637 1206 1705 1225 non-

114 1239 184 1264 nulli
200 1240 311 1267 redaetet:
328 1240 374 1265 alii
388 1241 479 1270 raiiet,
497 1243 525 1265 et
535 1241 763 1269 redient—557.
783 1241 885 1266 Filiam
902 1241 991 1274 hujus,
1014 1247 1109 1266 omnoe
1130 1244 1158 1266 et
1175 1241 1265 1266 Nostr.
1276 1245 1305 1266 et
1315 1241 1416 1266 vindd.
1432 1244 1460 1267 et
1477 1242 1516 1267 ita
1531 1242 1594 1267 Ald.
1614 1243 1702 1268 Parm.

116 1281 210 1306 Lamb.
231 1282 463 1313 pronuntiandum
483 1281 614 1307 nimirum
629 1282 712 1312 λετνζ
734 1285 762 1307 et
782 1289 856 1308 metu
872 1289 922 1315 pm
940 1283 1084 1315 monosyll.
1099 1283 1216 1308 habend.
1235 1286 1268 1308 ut
1282 1286 1312 1309 et
1326 1284 1400 1308 Eam
1418 1290 1496 1309 versu
1511 1284 1705 1316 sequenti.—

113 1325 168 1349 55⁰.
188 1325 224 1353 11,
241 1331 336 1350 omnm
350 1324 445 1356 Scripss
462 1328 489 1350 et
506 1324 573 1350 Edd-
590 1324 665 1350 Vett-
683 1325 741 1351 Bo:
755 1325 789 1350 de
803 1332 853 1351 suo
868 1326 1030 1351 Iit—660.
1047 1326 1182 1356 Atridam,
1201 1326 1272 1352 Mss.
1290 1329 1318 1351 et
1333 1326 1400 1352 ΕΜ.
1415 1327 1489 1353 Vett.

114 1400 235 1439 herus
259 1413 326 1438 ore
349 1399 482 1438 dicere
510 1409 700 1446 conetur3
729 1413 780 1438 ne
809 1413 874 1439 ex-

113 1470 258 1515 pectet,
284 1464 381 1501 dum
398 1471 615 1502 moneatur.
674 1464 758 1502 Nos
776 1463 874 1502 dici-

114 1539 204 1564 mus
234 1526 318 1564 ‘To
339 1525 436 1564 read
458 1525 520 1564 his
544 1529 718 1565 master's
739 1526 877 1565 looks.'

117 1589 197 1628 Sed
208 1589 349 1628 melius
364 1589 483 1628 credo
501 1589 744 1641 Vulgatum3
768 1590 877 1641 quod

114 1653 217 1691 bene
241 1653 414 1704 explicat
445 1653 547 1691 Con.
567 1653 648 1690 Ms.
703 1654 725 1667 '’
739 1653 877 1691 Talem

114 1715 235 1754 etiam
278 1715 393 1754 decet
434 1729 593 1754 servum
628 1723 675 1754 ut
711 1716 755 1754 in
794 1716 878 1754 solo

116 1785 279 1829 aspectu
323 1778 535 1829 imperium
577 1778 727 1816 domini
761 1779 877 1817 intel-

116 1841 239 1892 ligat;
279 1847 326 1878 ut
360 1841 476 1879 vultu
506 1841 570 1879 vel
605 1841 730 1879 oculis
760 1841 876 1880 intel-

116 1903 216 1954 ligat
245 1903 289 1941 id
320 1904 429 1954 quod
459 1903 644 1942 dominus
670 1903 774 1956 loqui
802 1918 875 1942 non

119 1968 241 2005 vult.“
294 1968 349 2006 H.
377 1982 410 2006 e.
465 1968 558 2006 Non
593 1967 769 2013 auribus,
807 1968 877 2007 sed

115 2032 242 2070 oculis
275 2039 450 2071 mentem
485 2032 636 2070 domini
662 2033 850 2083 augurari
862 2047 875 2078 ;

119 2097 289 2147 Anglice
317 2103 459 2141 vertas,
489 2096 575 2134 ‘To
600 2096 743 2148 gather
773 2097 876 2135 from

117 2159 180 2197 his
215 2160 328 2198 looks
364 2159 471 2197 what
504 2159 567 2198 his
603 2167 748 2199 master
783 2160 878 2199 does

116 2231 187 2262 not
205 2230 372 2262 venture
389 2230 431 2261 to
448 2223 541 2273 give
559 2230 766 2264 utterance
781 2226 847 2261 to.'

171 2315 259 2350 555.
291 2308 502 2348 Abstinebit
514 2309 686 2349 censione
699 2309 838 2348 bubula
842 2311 878 2363 .]

118 2372 240 2411 ‘Wiu
258 2386 399 2424 escape
416 2372 485 2410 the
499 2373 734 2424 castigation
750 2374 798 2411 of
808 2374 878 2412 the

115 2435 225 2475 lauh?
281 2436 359 2475 Per
395 2435 632 2482 censionem,
667 2436 695 2474 i.
722 2451 755 2475 e.
793 2437 877 2475 ani-

117 2498 432 2538 madversionem
466 2499 672 2544 bubulam,
717 2498 876 2537 verhera

119 2561 328 2611 significat,
364 2575 455 2612 quae
483 2560 576 2600 loris
612 2561 764 2600 bubulis
795 2575 876 2601 ser-

119 2637 261 2663 vorum
288 2625 562 2677 improborum
589 2634 704 2678 tergo
731 2627 878 2667 incuti-

120 2695 253 2726 untur.
308 2689 444 2727 Lum.
498 2689 605 2729 Vide
633 2691 762 2729 Gloss.

175 2763 261 2802 556.
323 2764 483 2817 Redige-t
526 2766 564 2804 in
604 2767 877 2819 splendorem]

941 1398 1037 1436 Non
1056 1401 1277 1439 committet
1289 1410 1451 1453 peccata
1467 1403 1615 1454 quibus
1632 1405 1704 1442 ali-

943 1461 1034 1512 quis
1058 1461 1205 1512 dignus
1229 1469 1290 1500 est
1314 1463 1458 1514 conjici
1480 1464 1522 1501 in
1545 1478 1703 1517 compe-

942 1523 1073 1569 dibus,
1095 1538 1184 1575 quae
1199 1525 1421 1564 exercendo
1434 1527 1535 1566 fiunt
1547 1527 1704 1566 lucidae.

943 1588 1048 1625 Con.
1070 1588 1150 1626 Ms.

998 1669 1087 1703 558.
1144 1663 1464 1717 Renunciatum]
1520 1666 1578 1704 Ut
1599 1666 1642 1705 in
1661 1681 1705 1706 re

943 1726 1147 1778 inopinata
1181 1733 1222 1764 et
1255 1726 1422 1778 ingrata.
1479 1729 1587 1767 Men.
1615 1735 1704 1774 327.

994 1821 1048 1829 —
1098 1798 1241 1850 Dari]
1297 1798 1430 1850 Supra
1456 1805 1545 1840 483.

996 1880 1083 1921 559.
1140 1875 1425 1929 speculatum]
1482 1878 1571 1916 ‘To
1600 1878 1705 1930 keep

941 1951 966 1975 a
981 1936 1076 1974 look
1094 1938 1188 1974 out!
1244 1937 1513 1977 Observatum
1532 1939 1613 1979 huc
1629 1941 1704 1979 mi-

943 2000 995 2039 sit
1019 2014 1097 2045 me,
1135 2008 1183 2039 ut
1217 2001 1311 2040 hinc
1346 2003 1586 2054 prospiciam
1616 2011 1704 2043 tan-

943 2077 1063 2115 quam
1089 2077 1136 2101 ex
1162 2064 1331 2116 specula.
1383 2065 1523 2105 Imm.

997 2139 1084 2178 560.
1157 2138 1252 2178 Sine
1300 2140 1400 2179 omni
1451 2141 1703 2195 suspicione]

945 2201 1052 2249 Quia
1070 2215 1158 2240 sum
1176 2201 1218 2239 in
1235 2202 1323 2241 loco
1343 2205 1544 2242 communi
1561 2205 1603 2242 in
1623 2219 1704 2256 quo

944 2279 1062 2304 nemo
1085 2265 1352 2318 suspicabitur
1374 2280 1438 2304 me
1462 2281 1545 2306 esse
1567 2268 1703 2319 explo-

944 2336 1126 2368 ratorem.
1160 2328 1266 2367 Con.
1285 2329 1367 2367 Ms.
1423 2329 1471 2367 In
1490 2330 1704 2369 Comoediis

944 2405 1012 2430 ara
1039 2392 1286 2430 statuebatur
1317 2392 1495 2443 Apollini
1527 2410 1703 2445 προστα-

944 2456 1070 2508 τηρίῳ,
1115 2454 1140 2492 i.
1160 2468 1194 2493 e.
1237 2455 1422 2506 praesidi;
1470 2455 1584 2507 cujus
1625 2470 1703 2496 arae

943 2518 1093 2558 mentio
1128 2517 1172 2556 fit
1206 2518 1315 2570 apud
1349 2518 1442 2557 Ter.
1469 2519 1598 2557 Andr.
1627 2519 1703 2558 IV.

945 2595 1012 2620 111.
1042 2587 1102 2621 11.

1016 2648 1037 2661 “
1054 2644 1103 2676 Ex
1117 2654 1172 2675 ara
1186 2643 1261 2675 hinc
1275 2654 1363 2676 sume
1376 2645 1528 2676 verbenas
1540 2645 1625 2677 tibi.”

946 2708 1094 2746 (ἴων.
1147 2706 1252 2745 Vide
1283 2706 1522 2746 Commentt.
1558 2708 1600 2745 in
1627 2708 1700 2747 loc.

946 2770 1010 2808 cit.
1039 2769 1199 2807 Terent.
