1864 3152
541 223 722 260 INDEX
758 225 820 260 IN
858 226 1237 264 MENAEcHMos.

101 341 291 381 Proedico.
311 356 387 381 -αι
416 347 504 383 320.

100 416 289 456 Praedioo.
306 417 374 456 -is.
402 418 444 456 P.
463 424 527 462 47.

98 490 308 531 Praehibet.
331 493 487 544 proebet.
514 498 602 537 704.

99 565 253 604 Praemii
270 580 373 618 pars.
401 573 464 614 59.

98 638 275 678 Proesens
293 641 521 681 indicativus
533 640 767 694 profuturo.
786 648 847 688 79.

144 712 208 759 96.
231 719 316 753 148.
333 720 423 759 744.
497 715 501 718 ’

94 787 274 826 Proesem
286 788 498 838 infinitivus
504 788 739 841 profuturo.
758 796 845 836 439.

142 868 232 908 954.

94 935 270 975 Praeaeem
282 951 358 989 pro
371 937 580 989 proeterito.
610 943 720 980 1033.

92 1011 278 1050 Praesenti
295 1013 475 1064 pecunia.
505 1019 621 1062 1054.

93 1087 335 1126 Praesidium.
362 1087 424 1127 60.

92 1161 294 1201 Praeterea.
321 1162 602 1214 (thencffortlz.)
631 1164 715 1204 161.

90 1236 324 1276 Praeterhac.
351 1237 414 1276 36.
433 1236 523 1281 627.

90 1310 238 1349 Praeut.
266 1316 355 1351 285.

88 1384 318 1423 Prandium.
344 1391 406 1432 92.
432 1392 494 1432 94.
526 1393 608 1434 191.

12 1507 17 1511 ,
88 1459 357 1499 Pransoribus.
387 1466 472 1506 191.

88 1534 320 1574 primulum.
350 1541 462 1574 1014.

86 1609 167 1648 Pro
184 1622 290 1648 sano.
316 1614 404 1649 213.
433 1614 519 1656 839.

87 1684 242 1723 Procul.
270 1689 357 1723 144.
385 1684 435 1723 G.

87 1759 287 1798 procurat.
315 1759 402 1799 861.

83 1833 287 1872 Proelium.
305 1846 380 1885 pro
394 1834 610 1885 prandium.
644 1841 770 1876 103-4.

84 1908 275 1947 Profiteri.
302 1912 391 1948 545.
417 1909 466 1947 G.

86 1982 289 2033 Progredi.
316 1982 406 2023 656.

85 2057 215 2097 Ptoin.
243 2057 331 2098 685.

83 2132 253 2172 Proinde
270 2139 327 2172 ut.
354 2138 442 2178 847.

82 2206 347 2246 Promeritum
363 2208 522 2247 malum.
550 2214 637 2249 880.

81 2280 289 2320 Promittat
305 2281 357 2320 ad
374 2294 536 2321 ooenam.
563 2282 652 2329 696.

81 2355 210 2407 Prope
227 2361 298 2394 est.
325 2355 529 2408 (tempus.)
555 2359 641 2397 8812

80 2429 310 2480 Propitiam.
339 2430 382 2468 P.
403 2436 436 2469 1.

80 2503 293 2542 Provisam.
319 2503 407 2543 606.

79 2578 232 2617 Pulcre.
259 2578 493 2632 (properly.)
520 2580 607 2624 374.

78 2651 207 2691 Pulta.
233 2651 385 2705 (fores.)
408 2658 471 2700 98.

79 2727 249 2766 Pultsbo
264 2727 381 2766 fores.
408 2732 496 2768 885.

78 2800 301 2841 Punioeum
318 2813 473 2854 panem.
500 2801 586 2842 816.

210 2877 261 2911 30

1585 221 1673 264 233

916 422 984 469 Qu
1011 428 1047 461 et
1076 436 1099 462 c
1126 422 1247 463 literoe
1272 423 1373 462 inter
1393 436 1434 463 se
1459 424 1670 477 antiquitus

966 503 1255 537 commutantur.
1286 505 1345 539 15.
1372 499 1423 538 G.

914 569 1006 617 Qua
1024 584 1150 610 causa.
1178 577 1267 618 392.

913 644 1006 692 Qua
1020 645 1159 696 gratia.
1187 651 1249 689 74.

912 718 1113 765 Quaerere.
1139 719 1273 771 proin
1292 721 1507 772 quaerendo.
1538 721 1622 760 161.

911 791 1111 838 Quaerere.
1136 805 1212 843 pro
1229 793 1437 844 quaerendi.
1469 800 1553 834 150.

911 865 1188 913 Quaeritatum.
1215 866 1262 904 P.
1282 873 1344 911 71.

910 938 1043 986 Quam
1059 953 1152 979 mox
1170 940 1365 980 incendo?
1396 946 1457 987 79·

910 1014 1114 1061 Quamvis.
1143 1017 1392 1068 quantumvis.
1419 1022 1508 1057 232.

910 1088 1117 1135 Quantum
1133 1091 1269 1141 possit.
1296 1095 1386 1136 449.

909 1162 1114 1209 Quantum
1132 1171 1275 1216 potest.
1303 1169 1392 1203 340.
1419 1164 1469 1204 G.

909 1238 1044 1286 Quasi.
1071 1240 1164 1290 (as.)
1190 1240 1301 1278 velut.
1331 1245 1418 1279 148.

907 1312 1001 1360 Qui.
1030 1314 1163 1366 (how.)
1190 1321 1279 1355 2⁵1.
1306 1314 1395 1361 689.

818 1419 824 1429 ,
906 1388 1001 1435 Qui.
1028 1389 1184 1427 utinam.
1212 1389 1302 1429 356.
1320 1393 1408 1427 828.

874 1495 877 1498 .
906 1462 1000 1510 Qui.
1028 1462 1289 1514 (where-with.)
1315 1468 1404 1508 219.
1424 1466 1511 1502 300.

906 1537 1000 1584 Qui.
1028 1538 1162 1590 (why.)
1188 1543 1278 1578 305.

905 1611 988 1659 Qui
1003 1611 1157 1651 liceant.
1185 1617 1275 1658 449.

904 1685 1063 1735 Quibus
1079 1686 1230 1737 pretiis.
1256 1690 1346 1725 204.

903 1761 1015 1809 Quid
1031 1761 1214 1812 agimus?
1243 1774 1318 1813 pro
1333 1773 1490 1813 agemus
1501 1761 1523 1798 ἓ
1551 1765 1638 1803 744.

901 1835 1014 1883 Quid
1030 1835 1141 1886 agis?
1171 1835 1233 1875 62.
1262 1835 1314 1874 G.

900 1910 1012 1959 Quid
1028 1912 1130 1961 ego?
1160 1909 1251 1950 366.

899 1986 1011 2035 Quid
1028 1999 1076 2025 eo
1092 1986 1179 2025 vis?
1212 1990 1298 2025 183.

899 2060 1011 2109 Quid
1027 2060 1103 2099 hoc
1118 2059 1270 2111 negotii
1287 2066 1347 2099 eet
1357 2063 1374 2098 ?
1403 2065 1492 2099 423.

899 2135 1010 2183 Quid
1026 2147 1091 2173 me
1108 2134 1229 2174 tactio
1246 2137 1334 2173 est?
1362 2140 1452 2180 914.

897 2209 1009 2260 Quid
1025 2209 1131 2248 olet?
1163 2214 1224 2248 88.
1250 2214 1314 2255 92.

896 2284 1083 2331 Quidam.
1106 2284 1155 2322 de
1166 2289 1356 2335 proeserue
1372 2282 1510 2334 aliquo.
1540 2286 1627 2322 552.

896 2356 1087 2405 Quidum.
1115 2361 1176 2396 84.

896 2431 1017 2478 Quin.
1042 2431 1106 2483 qui
1124 2444 1210 2469 non.
1241 2430 1326 2470 164.
1353 2437 1441 2478 291.

896 2505 1222 2556 Quinquagesies.
1254 2505 1365 2546 1056.

895 2580 1049 2631 Quiqui
1066 2580 1253 2619 licebunt.
1287 2585 1397 2620 1054.

894 2655 1038 2702 Quoad
1054 2655 1148 2707 pati.
1175 2654 1262 2699 672.

894 2729 1015 2777 Quod
1031 2729 1176 2770 bibam.
1201 2730 1271 2781 (an
1287 2731 1484 2782 antidota)
1508 2730 1596 2772 644·

895 2804 1016 2851 Quod
1034 2805 1162 2845 sciam.
1191 2811 1279 2847 212.
1298 2811 1386 2847 402.
1404 2806 1491 2848 406.
