1826 3164
554 653 936 704 RECENSUS
992 654 1357 712 CODICUM‚

421 820 565 851 numus
597 822 651 848 Al)
682 821 792 848 HANG
825 822 1016 848 FABULAM
1048 822 1244 849 EDENDAM
1277 822 1373 849 USUS
1402 822 1499 850 SUM.

945 1139 980 1180 Ι.

338 1274 524 1317 comeum
553 1273 783 1326 duodecim,
817 1274 888 1331 qui
917 1273 960 1316 in
987 1273 1251 1317 Bibliotheca
1279 1272 1418 1315 Musei
1450 1272 1684 1316 Britannici

238 1356 515 1403 asservantur,
552 1366 661 1394 unus
694 1356 862 1395 tantum
897 1351 1086 1395 continet
1115 1351 1224 1394 hanc
1254 1355 1442 1394 nostram
1470 1351 1680 1400 fabulam3

239 1431 275 1473 is
304 1434 561 1473 numeratur.

112 1538 157 1575 B.
179 1543 212 1575 l.
345 1535 477 1574 Codex
514 1535 769 1574 Burneianus.
824 1534 908 1572 Fol.
945 1535 1279 1573 Membranaceus.
1325 1534 1560 1586 paginarum
1597 1511 1684 1581 593.

112 1607 200 1641 228.
242 1602 337 1641 Saec.
365 1601 458 1640 XV.

337 1691 422 1723 Vide
443 1691 659 1722 thtxsux
682 1691 864 1722 comeum
884 1691 1065 1722 Aululariae
1084 1696 1198 1722 nostrae
1217 1691 1399 1731 praefixum.
1417 1701 1452 1731 p.
1467 1692 1539 1723 xiii.

935 1853 995 1895 ΙΙ.

670 1963 849 2006 Tannus
880 1964 1065 2006 Burnum
1097 1963 1252 2007 connx.

115 2078 162 2118 B.
177 2091 209 2117 c.
345 2075 475 2115 Plauti
503 2075 715 2115 Comoediae
743 2077 794 2114 X.
833 2075 919 2114 Fol.
943 2075 1130 2115 Chartae:
1159 2076 1258 2115 Saec.
1277 2076 1369 2115 XV.
1396 2075 1579 2115 foliorum
1599 2076 1686 2117 168.

339 2160 470 2191 Litteris
493 2160 616 2192 Italicis
636 2160 799 2191 luculente
817 2165 975 2191 exaratus.
1015 2160 1154 2192 Videtur
1170 2160 1249 2191 olim
1267 2170 1366 2201 penes
1383 2160 1567 2200 Hispanum
1586 2170 1686 2200 quen-

240 2211 315 2242 dam
339 2211 505 2242 dominum
528 2211 648 2250 fuisse3
667 2211 828 2252 siquidem
846 2211 881 2241 in
897 2211 990 2242 initio
1005 2211 1167 2251 scribitur,
1189 2211 1211 2227 ”
1222 2211 1304 2242 Diez
1326 2210 1496 2242 Comedjas
1508 2211 1549 2242 de
1562 2211 1610 2242 las
1630 2211 1688 2242 130

241 2263 281 2294 de
304 2262 432 2300 Plauto,
453 2262 493 2293 de
513 2262 562 2293 las
582 2263 621 2293 20
646 2271 709 2303 que
732 2262 893 2293 existen.“
911 2267 942 2293 et
960 2261 1123 2293 ”Titulos
1152 2261 1192 2293 de
1213 2261 1262 2292 las
1282 2261 1351 2292 diez
1383 2261 1564 2294 Comedias.
1603 2261 1688 2293 Bac-

241 2314 362 2345 chides.
414 2313 628 2345 Mostellaria.
668 2312 875 2344 Menaechmi.
931 2312 1032 2344 Miles
1066 2312 1244 2344 Gloriosus.
1276 2312 1447 2345 Mercator.
1496 2312 1689 2345 Pseudolus.

244 2364 408 2396 Poennlus.
445 2363 501 2406 (—
510 2362 676 2405 Patruus.)
693 2363 775 2404 [quo
787 2363 917 2394 nomine
935 2363 1005 2394 haec
1019 2363 1132 2394 fabula
1151 2363 1186 2394 in
1201 2362 1320 2395 Codice
1339 2362 1557 2404 designatum]
1580 2362 1688 2395 Pau.

244 2414 388 2446 Rudens.
428 2414 484 2454 (-
496 2413 694 2455 Vidularia.)
735 2413 902 2445 Stichus.“

340 2498 427 2530 vide
448 2498 669 2530 thmtsux
691 2498 878 2530 Comcuu
898 2498 1081 2530 Aulularia
1101 2497 1279 2538 praefixum.
1302 2507 1335 2537 p.
1352 2497 1410 2528 xii.
