1864 3152
634 235 701 278 IN
737 236 1194 280 AULULARIAM.
1580 237 1668 284 133

144 362 230 402 Mil.
254 362 363 402 1260.
418 369 444 388 “
459 363 568 402 Dum
590 371 630 403 te
651 366 851 412 obtuetur,
877 367 1035 406 interim
1056 367 1228 420 linguam
1253 368 1356 408 oculi
1379 369 1675 422 proeciderunt.''

143 437 280 486 (Have
307 437 444 476 struck
471 438 541 476 her
568 438 715 484 dumb;
745 439 897 478 robbed
923 440 994 478 her
1020 440 1069 479 of
1088 440 1161 479 her
1187 442 1368 492 tongue.)

217 561 302 595 148.
361 549 641 609 Grandem]
703 554 865 595 Grown
890 569 965 608 up.
1025 559 1201 598 Subaud.
1234 559 1352 599 Natu.
1410 562 1540 613 Supra
1562 562 1647 602 116.

228 691 295 699 —-
362 662 496 727 Dote
519 664 731 721 cassam]
774 670 828 707 H.
847 684 880 708 e.
919 676 1110 708 carentem
1129 670 1246 716 dote;
1276 671 1506 711 indotatam.
1560 672 1673 711 Plu:

146 748 239 788 Lex.
267 749 398 788 Plaue.
438 749 649 794 '’Cas-mm,
680 756 725 786 ut
748 747 911 786 car-itum
937 762 959 786 a
986 755 1140 786 careo.“
1196 749 1306 787 Hinc
1334 750 1451 788 Lucr.
1478 750 1559 789 111.
1587 750 1675 790 563.

144 832 171 848 “
189 826 352 865 Cassum
376 824 505 863 anima
527 825 707 876 eon-pus.n
757 823 829 862 IV.
850 823 938 863 368.
985 824 1106 863 “Aer
1131 838 1267 863 cassus
1288 824 1464 864 lumine.''
1521 828 1678 867 Laudat

143 902 272 940 Gloss.
308 900 404 940 Cod.
443 901 496 938 H.
523 899 560 945 6,
594 899 719 938 Nonii
755 901 887 945 verba,
926 899 994 950 qui
1021 899 1062 938 h.
1079 899 1105 938 l.
1134 900 1229 938 citat
1239 915 1251 945 ;
1289 900 1501 947 ''Cas-mm,
1540 902 1676 948 Inane,

144 984 296 1014 veteres
323 988 513 1027 posuere3
540 982 580 1014 et
606 974 879 1013 arbitrandum
905 981 966 1013 est
989 974 1076 1026 ejus
1103 974 1215 1013 verbi
1239 975 1523 1026 proprietatem
1551 976 1678 1027 magis

142 1050 193 1088 ab
210 1062 441 1088 aranearum
459 1047 634 1087 cassibus
659 1048 843 1093 derivari,
871 1048 979 1099 quod
1005 1048 1084 1086 sint
1105 1048 1213 1087 leves
1236 1061 1282 1087 ac
1298 1048 1447 1087 nullius
1465 1049 1653 1100 ponderis
1664 1065 1676 1095 ;

144 1136 238 1170 non,
270 1132 316 1163 ut
345 1124 584 1175 quibusdam
608 1123 778 1168 videtur,
803 1123 916 1174 quasi
941 1129 1164 1175 quassum.“
1220 1123 1298 1162 Sed
1319 1136 1392 1162 nec
1416 1124 1502 1163 haec
1526 1131 1678 1176 etymo·

142 1198 250 1249 logia
277 1197 511 1250 spernenda,
539 1198 672 1247 (litera
697 1212 718 1236 c
735 1211 810 1249 pro
828 1211 877 1249 qu
896 1198 1037 1249 posita,
1063 1205 1109 1236 ut
1131 1198 1172 1235 in
1191 1211 1308 1236 cocus
1325 1211 1400 1249 pro
1418 1211 1577 1251 coquus,
1603 1207 1677 1238 etc.

142 1273 253 1312 Men.
276 1279 335 1312 15.
355 1273 424 1322 G.)
466 1273 530 1311 'Et
556 1286 647 1312 cum
675 1272 751 1311 hoc
781 1286 896 1311 sensu
926 1273 1028 1310 bene
1055 1285 1274 1323 congruere
1300 1273 1488 1312 videntur
1513 1273 1679 1313 “Cam

145 1349 267 1393 nux‚''
311 1347 452 1385 Pseud.
484 1346 570 1386 365.
626 1346 791 1385 “Cassa
821 1348 982 1391 canna,’'
1014 1346 1092 1384 Ov.
1123 1346 1229 1385 Fast.
1257 1346 1328 1384 VI.
1356 1346 1444 1386 406.
1474 1349 1545 1386 διο.
1599 1348 1681 1387 Sed

144 1424 296 1469 melior,
325 1423 458 1468 credo,
488 1422 603 1461 Parei
629 1422 740 1460 ratio.

220 1559 284 1566 ——-
355 1529 685 1590 Illocabilem.]
727 1532 1126 1586 Unmarm'ageable.
1158 1536 1427 1586 Ἀνεκὸόσιμον.
1457 1540 1559 1588 Quae
1578 1554 1680 1594 nup-

145 1618 205 1656 tui
225 1617 406 1657 collocari
426 1616 578 1667 nequit.
625 1615 728 1654 Pin.
784 1615 886 1653 Vide
905 1615 947 1652 in
967 1629 1003 1652 v.
1022 1629 1135 1666 prox.
1153 1614 1292 1654 locare.

223 1733 309 1773 149.
365 1717 586 1779 Looare.]
664 1724 874 1779 Nuptum
896 1724 1013 1764 dare.
1068 1731 1090 1744 ”
1105 1730 1251 1768 Marito
1278 1731 1385 1776 dare,
1418 1732 1526 1770 Non.
1557 1732 1682 1771 Marc.

145 1809 208 1848 all.
234 1809 273 1846 h.
294 1814 350 1846 t.“
406 1808 535 1846 Gloss.
566 1807 664 1845 Cod.
694 1807 748 1845 H.
766 1807 803 1846 6.
859 1807 923 1845 Sic
951 1807 1061 1846 Infra
1086 1813 1171 1847 185.
1225 1809 1323 1847 cist.
1346 1815 1435 1855 290.
1490 1810 1608 1849 “Ubi
1635 1818 1679 1850 tu

145 1884 265 1922 locere
287 1884 329 1921 in
351 1882 594 1921 luculentam
621 1881 847 1919 familiam-'¹
904 1882 1015 1919 Trin.
1036 1887 1124 1926 751.
1180 1888 1206 1904 “
1220 1881 1300 1920 Ubi
1322 1883 1398 1921 erit
1421 1882 1546 1921 locata
1569 1884 1684 1935 virgo

146 1959 187 1996 in
215 1956 550 1996 matrimonium.”
607 1956 698 1994 Ter.
732 1955 894 1993 Phorm.
922 1955 993 1992 IV.
1023 1967 1082 1993 vx.
1108 1961 1170 1995 25.
1226 1956 1450 2007 “Nuptum
1486 1957 1683 2008 virginem

144 2030 268 2070 locavi
291 2030 384 2069 huic
408 2029 687 2068 adulescenti.”
741 2029 835 2067 Tac.
859 2028 998 2079 Agric.
1018 2042 1050 2067 c.
1073 2042 1129 2068 lx.
1149 2030 1216 2068 fin.
1270 2030 1452 2068 “Filiam
1475 2030 1573 2068 mihi
1592 2030 1682 2069 des·

146 2105 300 2158 pondit‚
327 2118 373 2143 ac
391 2110 482 2156 post
499 2103 748 2142 consulatum
767 2101 1001 2140 collocavit.”

226 2227 308 2260 151.
375 2214 539 2262 Inhiat
569 2211 780 2277 aurum]
847 2222 925 2267 Sic,
956 2222 1042 2260 Mil.
1075 2228 1185 2262 1188.
1244 2222 1419 2261 “Inhiat
1449 2223 1557 2274 quod
1588 2237 1683 2263 nus-

146 2316 266 2355 quam
286 2310 357 2347 est,
386 2301 541 2339 miser.’'
596 2295 707 2338 Trin.
730 2306 815 2340 148.
872 2307 898 2323 “
912 2300 1147 2340 Adesurivit
1170 2302 1296 2353 magis
1315 2309 1355 2341 et
1372 2300 1537 2340 inhiavit
1555 2303 1684 2341 acrius

148 2378 324 2429 Lupus.”
382 2377 481 2414 Hor.
506 2376 588 2414 Sat.
613 2376 646 2413 1.
676 2389 701 2413 1.
731 2382 792 2419 71.
849 2377 1091 2428 “Congestis
1123 2377 1301 2428 undique
1333 2378 1454 2417 saccis
1485 2378 1684 2418 Indormis

148 2451 339 2490 inhians.”
394 2452 626 2503 (Gasping.)
681 2451 822 2491 Caecil:
842 2465 906 2504 ap.
924 2452 1026 2491 Gell.
1051 2453 1104 2491 ΙΙ.
1123 2459 1186 2492 23.
1237 2453 1384 2491 “Dum
1409 2453 1496 2504 ejus
1515 2460 1684 2493 mortem

148 2525 289 2564 inhio.”
325 2526 553 2578 (anxiously
588 2526 682 2565 look
718 2527 810 2577 for.)
865 2527 1063 2566 caeterum
1103 2527 1277 2566 notanda
1315 2529 1555 2567 constructio
1591 2542 1684 2568 cum

148 2614 276 2639 accus.
298 2615 372 2654 pro
393 2602 457 2640 vel
479 2601 621 2647 dativo,
647 2602 711 2640 vel
734 2615 826 2641 cum
845 2616 1023 2655 praepos:
1055 2602 1094 2641 in
1117 2610 1187 2642 aut
1210 2603 1274 2642 ad.
1329 2604 1406 2643 Sic.
1431 2604 1531 2642 Hor.
1550 2604 1681 2656 Epod.

153 2676 263 2714 XVI.
284 2681 344 2715 11.
399 2676 637 2716 “Barbarus
662 2677 741 2716 heu
764 2677 913 2716 cineres
937 2677 1084 2716 insistet
1110 2678 1272 2717 victor.”
1324 2679 1440 2718 Curc.
1461 2685 1549 2725 379.
1602 2679 1682 2719 “Si

151 2750 277 2801 magis
305 2763 360 2787 me
389 2750 621 2789 instabunt?
677 2752 731 2791 Et
758 2752 904 2804 passim
931 2753 1038 2803 apud
1069 2753 1272 2791 Nostrum.
