1864 3152
135 219 226 270 226
512 262 515 266 .
574 233 757 270 ιΝυΕΧ
796 232 856 268 m
894 232 1281 271 MENAECHMOS.

135 351 398 392 Edentulum.
419 353 467 390 de
484 363 584 389 sene.
613 349 704 396 764.

139 427 307 480 Edepol.
337 427 397 467 16.

139 501 296 554 Edepol
319 514 392 540 nae.
422 507 484 541 83.

140 577 336 617 Edictavi.
364 582 452 616 544.

139 652 247 691 Edit.
273 666 348 704 pro
364 652 464 691 edat.
499 658 557 692 14.

140 730 262 768 Edixi
280 730 367 769 tibi.
394 729 485 774 687.

141 805 310 844 Educat.
339 810 403 844 22.

139 880 318 919 Effodito
336 880 511 920 oculum.
538 879 604 925 76.

139 956 263 1007 Egeo.
291 970 375 995 cum
393 968 522 994 accus.
550 961 615 994 45.

139 1033 249 1072 Eho!
279 1032 465 1085 interject.
492 1037 582 1071 338.

138 1106 342 1145 Elecebrae
360 1104 608 1157 argentariae.
635 1103 726 1143 286.

139 1179 315 1219 Ellebori
329 1179 486 1231 jugere.
518 1183 608 1218 812.
628 1200 637 1211 ·

138 1250 276 1293 Eloco.
303 1258 392 1299 359.
422 1257 511 1292 500.

139 1325 370 1377 Emigrasti.
399 1324 465 1377 (ex
486 1324 637 1374 domo.)
665 1328 808 1367 723-4.

139 1402 311 1440 Emittas
329 1414 462 1439 manu.
490 1406 580 1446 921.

138 1474 272 1513 Enim.
302 1472 357 1519 δή.
385 1478 447 1512 85.
479 1472 565 1513 168.

140 1550 272 1589 Enim.
300 1547 521 1602 emphatice.
549 1546 638 1594 692.

137 1624 198 1663 Eo
215 1622 399 1675 exemplo
417 1621 558 1663 servio.
588 1626 680 1661 883.

116 1685 119 1688 ¹
140 1698 477 1752 Epidamniensis.
508 1698 551 1736 P.
571 1702 635 1736 32.

144 1774 442 1827 Epidamnium.
473 1773 516 1812 P.
536 1778 599 1813 33.

143 1849 386 1901 Epidamno.
401 1877 410 1886 .
425 1848 496 1886 ‚ad
514 1848 707 1886 davnnum.
742 1851 825 1886 180.

145 1923 408 1976 Epidamnum
425 1922 569 1962 curari.
600 1922 642 1960 P.
660 1926 724 1961 51.

145 1998 362 2051 Equidem.
389 2003 480 2042 278.

147 2073 285 2125 Equos
301 2072 474 2125 junctos.
504 2071 593 2115 762.

148 2146 309 2200 Eripui,
346 2146 527 2185 homines
562 2145 647 2197 qui.
679 2150 747 2183 etc.
790 2144 915 2194 (Con-

202 2220 369 2261 structio
397 2220 595 2271 confusa.)
623 2224 714 2266 950.

150 2296 350 2336 Erotium.
377 2309 520 2335 nomen.
547 2300 611 2342 93.
638 2294 690 2333 G.

154 2372 256 2410 Esca
272 2378 394 2422 atque
411 2370 585 2423 potione.
616 2375 676 2410 12.

154 2447 270 2485 Escae
287 2458 497 2484 maxumoe.
523 2450 588 2486 24.

155 2520 317 2560 Escaria
334 2519 477 2559 vincla.
509 2524 567 2559 18.

156 2596 265 2635 Esse.
293 2595 351 2645 (eo
368 2594 460 2647 eat.)
489 2600 577 2639 817.

156 2670 230 2709 Est
247 2677 436 2709 mortuos.
464 2669 507 2708 P.
525 2668 588 2709 36.

159 2744 282 2784 Esum
302 2751 506 2784 vocantur.
533 2743 626 2786 861.

158 2818 296 2859 Eun!
325 2825 387 2859 51.

972 351 1072 390 Evie
1090 358 1212 402 atque
1228 349 1329 389 heu!
1359 349 1447 394 736.

972 425 1167 464 Evolvam
1186 424 1279 463 vita.
1307 429 1398 464 802.

974 501 1037 540 Ex
1055 514 1143 539 mea
1161 499 1368 539 sententia.
1400 504 1486 546 190.

975 575 1038 614 Ex
1057 588 1266 627 proxumo.
1293 573 1383 621 692.

976 650 1038 688 Ex
1056 662 1100 688 re
1118 657 1197 688 tua.
1226 649 1313 689 563.

977 724 1239 763 Examussim.
1268 723 1313 761 P.
1334 729 1397 763 50.

977 798 1191 838 Excidisse.
1221 800 1288 849 (ex
1307 797 1487 847 familia.)
1514 796 1604 842 569.

976 873 1307 913 Exclusissumus.
1334 871 1425 911 600.

976 949 1196 987 Excussam
1214 946 1368 985 malleo.
1396 951 1486 984 312.

978 1023 1175 1076 Exemplo
1193 1037 1240 1063 eo
1258 1023 1398 1063 servio.
1427 1027 1516 1063 883.

977 1098 1181 1136 Exorabit.
1208 1103 1298 1144 419.

979 1172 1136 1224 Expedi
1156 1172 1223 1211 mi.
1252 1170 1340 1211 516.

977 1247 1190 1299 Expedite.
1218 1245 1422 1299 (plainly.)
1450 1244 1515 1292 96.

978 1322 1170 1374 Exsequi.
1199 1322 1256 1372 (to
1273 1321 1388 1372 seek.)
1420 1321 1505 1361 162.

980 1396 1271 1450 Exspectanda
1299 1401 1388 1440 781.

978 1472 1158 1511 Exstruit
1175 1483 1342 1509 mensas.
1371 1475 1435 1510 25.

977 1547 1249 1597 Extergentut
1268 1545 1417 1583 baxeae.
1444 1549 1534 1583 300.

978 1624 1103 1662 Extra
1120 1635 1333 1660 numerum
1350 1634 1392 1659 ea
1410 1620 1520 1659 mihi.
1553 1625 1640 1660 101.

979 1699 1159 1737 Exuram
1178 1697 1325 1736 oculos.
1346 1702 1434 1741 742.

982 1774 1162 1813 Exuviae.
1194 1779 1278 1819 109.
1309 1777 1396 1812 113.

1339 1923 1385 1961 F.

983 1998 1113 2037 Fabre
1130 1998 1292 2037 factum.
1321 1996 1383 2037 56.

985 2072 1148 2111 Fabula.
1176 2071 1404 2123 (nomen-re.)
1431 2075 1521 2117 975.

985 2146 1168 2186 Fabula&
1197 2146 1289 2198 (idle
1306 2145 1470 2195 storia.)
1496 2143 1588 2184 626.

987 2222 1227 2261 Fabulatu'a.
1254 2221 1318 2268 96.

987 2296 1018 2334 F
1020 2296 1172 2334 abulor.
1200 2300 1288 2335 238.

988 2371 1103 2411 Face.
1115 2369 1207 2423 sac.
1237 2375 1325 2410 842.
1351 2375 1441 2417 912.

988 2446 1186 2486 Facem
1215 2446 1346 2498 (away
1366 2444 1491 2496 willa.)
1524 2444 1609 2485 166.

989 2520 1172 2560 Facinus.
1200 2526 1288 2561 352.

990 2595 1131 2634 Falsus
1149 2608 1248 2634 sum.
1276 2594 1365 2639 657.

990 2670 1179 2710 Familiae.
1203 2669 1443 2710 histrionum.
1473 2670 1518 2709 P.
1537 2676 1600 2715 74.

992 2743 1267 2784 Familia-iter.
1295 2750 1384 2784 283.

989 2818 1277 2860 Familiarium.
1303 2832 1509 2860 servorun.
1535 2825 1627 2861 ⁵25.
