1864 3152
723 268 1127 309 AULULARIA.
1660 274 1710 313 41

263 398 424 445 Domo
457 399 538 445 abs
573 406 622 446 te
653 399 844 446 afferto:
880 416 940 447 ne
974 417 1160 464 operam
1195 400 1362 464 perdas
1392 418 1592 465 poscere.
1638 415 1713 455 295

262 480 365 528 Hic
395 489 553 528 autem
589 481 715 545 apud
747 498 832 529 nos
863 499 1035 547 magna
1067 484 1206 531 turba
1236 501 1290 531 ac
1322 483 1504 533 familia
1538 493 1623 541 est,

262 562 500 627 Supellex‚
530 581 711 620 aurum,
747 573 912 621 vestes,
947 583 1056 614 vasa
1090 574 1339 631 argentea:

261 646 337 694 Ibi
372 648 412 694 si
444 649 636 711 perierit
671 650 927 713 quippiam,
965 650 1111 714 (quod
1144 658 1193 698 te
1225 651 1318 698 scio

260 728 437 778 Facere
470 731 704 778 abstinere
737 748 884 794 posse,
918 732 958 779 si
991 731 1114 779 nihil
1146 733 1329 780 obviam
1363 738 1481 795 est):

261 812 470 861 Dicant:
508 812 622 861 Coci
656 814 981 863 abstulerunt:
1014 815 1412 879 comprehendite,

261 895 470 951 Vincite,
505 897 758 953 verberate,
791 898 841 944 in
876 906 1074 962 puteum
1109 898 1326 946 condite!

260 979 449 1028 Horum
483 981 571 1028 tibi
605 982 712 1029 istic
744 980 867 1029 nihil
901 983 1112 1030 eveniet:
1147 984 1323 1047 quippe
1356 984 1453 1046 qui,

260 1062 362 1110 Ubi
381 1064 498 1127 quid
516 1066 751 1129 surripias,
769 1064 892 1113 nihil
908 1074 992 1114 est.
1032 1066 1235 1129 Sequere
1252 1066 1341 1115 hac
1355 1084 1446 1115 me.

1405 1148 1497 1197 Co.
1519 1149 1709 1215 Sequor.

186 1305 210 1321 v.
228 1298 281 1326 297.
315 1299 448 1329 supellex,
464 1299 584 1329 Qunam
600 1303 682 1325 nostr.
709 1300 816 1332 Reliqui
829 1301 1091 1332 :appellen-*293
1111 1302 1217 1330 tacere,
1235 1301 1283 1325 Bri.
1302 1300 1332 1326 P.
1358 1307 1453 1326 omnes
1468 1304 1551 1326 nostr.
1568 1304 1596 1326 et
1609 1302 1641 1326 V.
1654 1302 1711 1338 23.

126 1340 179 1365 Bo:
200 1341 1712 1376 Facile;quoddatv.1.ethahainmarg.H.6.ned⁸1oemmverisimffius‚velobhancmmmquod

123 1380 343 1407 insolentium.
378 1382 741 1415 Ratutemprosurn'pen,
758 1383 1054 1416 intellecttptaeoedd.
1091 1384 1160 1410 vide
1176 1384 1369 1418 Nym—4112.
1384 1387 1708 1418 Hmseptunnom.

126 1424 183 1449 Bo:
209 1425 472 1457 Hormus—Quippe
492 1427 549 1456 qui,
575 1426 849 1452 omnesCoddvide
871 1427 1066 1453 Nom-4³⁰3.
1095 1427 1139 1452 Ita
1160 1427 1208 1452 Bo.
1233 1428 1381 1459 postauoe.
1422 1429 1712 1462 ceterummt'pn'as

124 1467 479 1499 abeanbomnilmsquoe
501 1468 556 1492 vidi
579 1469 661 1494 Codd.
702 1469 906 1500 1nunoH.6‚
931 1471 1123 1501 estam-ipius
1144 1477 1225 1502 supra
1246 1471 1700 1499 verannaltaamanuimemm

124 1507 1009 1542 Tmnnstr.etv.1.2;vbinssaoethabmt‚omissoquid.

175 1624 263 1669 296.
319 1624 525 1677 Familia]
570 1625 762 1678 ‘Alarge
779 1635 879 1665 esta-

123 1688 361 1727 blishment'
428 1689 481 1727 H.
509 1704 542 1728 e.
575 1689 789 1729 Servorum
820 1692 878 1730 fa-

123 1752 244 1798 milia,
284 1754 353 1804 qui
385 1753 479 1792 inde
504 1753 732 1805 familiares
775 1769 876 1794 nun-

124 1822 331 1866 cupantur.
760 1831 764 1835 ·

176 1926 264 1967 298.
320 1922 526 1975 Per-ierit]
582 1923 665 1962 ‘Be
690 1924 879 1976 missing!

125 1984 254 2036 Supra
271 1991 359 2025 205.

174 2084 262 2124 299.
299 2079 346 2117 Si
364 2080 461 2118 nihil
474 2081 617 2120 obviam
636 2082 730 2134 est]
758 2082 878 2129 Quod

122 2143 303 2190 auferas;
332 2145 401 2183 sed
419 2145 553 2196 siquid
565 2154 680 2192 esset,
702 2147 877 2186 minime.

123 2207 229 2245 Con.
266 2208 343 2246 ΜΒ.
377 2209 404 2246 i.
422 2223 455 2247 e.
487 2210 649 2248 minime
682 2211 878 2250 abstinere

121 2272 327 2323 potuisses.
389 2273 535 2313 Facere
557 2282 690 2314 autem
718 2284 779 2315 est
805 2289 878 2328 per

121 2332 302 2374 Graeeam
320 2337 651 2376 constructionem
667 2351 743 2389 pro
759 2352 784 2376 a
799 2337 875 2389 sa—

121 2394 279 2441 ciend0;
308 2399 377 2438 sed
394 2399 502 2439 Vide
524 2401 638 2440 Nott.
657 2401 773 2440 Critt.

173 2484 263 2519 301.
299 2481 499 2534 Puteum]
539 2489 552 2506 ‘
565 2483 654 2522 The
664 2484 876 2536 dungeon.¹

121 2538 227 2577 Bene
261 2540 408 2580 Luni:
454 2542 601 2580 Putem·
631 2543 697 2581 hic
731 2543 877 2582 intelli-

121 2601 276 2651 gendus
304 2610 376 2649 est,
404 2617 485 2642 non
513 2605 556 2643 in
584 2619 666 2657 quo
695 2606 746 2644 sit
772 2621 875 2659 aqua

118 2664 315 2713 perennis,
349 2666 418 2704 sed
453 2667 563 2706 locus
597 2669 876 2708 subterraneus

119 2732 160 2763 et
189 2725 387 2773 suffossus,
431 2736 472 2767 et
499 2730 612 2781 quasi
645 2731 875 2771 bmathrum

120 2787 332 2837 quoddam.
385 2789 442 2828 Et
458 2791 514 2830 sic
531 2791 643 2831 Infra
660 2798 748 2838 319.

252 2858 277 2895 6

999 1633 1087 1668 302.
1141 1630 1277 1683 Istic]
1322 1632 1447 1683 Apud
1477 1633 1709 1673 Euclionem

945 1692 1045 1730 nihil
1068 1693 1142 1731 tibi
1164 1694 1387 1733 istiusmodi
1404 1696 1571 1742 eveniet,
1592 1698 1710 1749 quip-

944 1769 996 1806 pe
1014 1756 1084 1806 qui
1101 1770 1166 1795 eas
1184 1757 1279 1796 illuc
1296 1758 1366 1796 ubi
1384 1758 1486 1796 nihil
1513 1767 1574 1798 est
1600 1761 1709 1812 quod

946 1819 1142 1871 surripere
1160 1821 1298 1871 possis.

947 1907 950 1909 '
995 1918 1050 1925 —
1077 1893 1231 1947 Quippe
1247 1895 1351 1948 qul]
1401 1897 1475 1935 Est
1501 1897 1706 1936 α’νακόλον-

948 1959 1023 2004 θον,
1051 1958 1178 1997 simile
1195 1959 1266 2004 illi,
1286 1959 1433 1998 Pseud.
1452 1960 1541 2000 466.

1021 2050 1059 2054 —
1088 2033 1111 2047 “
1123 2032 1240 2064 Hercle
1258 2033 1325 2072 qui,
1345 2040 1381 2064 ut
1399 2039 1434 2065 tu
1447 2035 1610 2073 praedicas,

945 2082 1131 2115 Cavendum
1150 2088 1199 2114 oet
1216 2083 1259 2114 mi
1278 2083 1335 2114 abs
1353 2090 1385 2116 te
1402 2084 1518 2116 intol’

946 2144 1010 2182 Ita
1027 2144 1172 2182 Boni:
1203 2144 1273 2195 qui
1291 2145 1368 2184 alia
1394 2147 1574 2198 exempla
1598 2148 1703 2186 citat.

946 2207 1064 2244 Latet
1074 2206 1193 2245 credo
1204 2207 1348 2258 aliquis
1357 2222 1479 2257 error,
1486 2223 1606 2260 quem
1618 2224 1704 2248 sen-

945 2270 997 2307 sit
1031 2269 1206 2321 quidem,
1242 2284 1317 2310 nec
1350 2280 1483 2311 tamen
1528 2273 1704 2324 expediit

944 2332 1150 2371 Gnonov:
1181 2347 1302 2385 quem
1321 2334 1424 2373 vide.

995 2413 1084 2446 303.
1138 2408 1303 2461 Sequere
1315 2409 1388 2447 hac
1400 2410 1492 2462 ma]
1522 2410 1583 2448 Se.
1597 2409 1702 2448 Con-

942 2469 1043 2519 grio.
1094 2468 1137 2506 N
1138 2482 1201 2506 am
1220 2469 1403 2508 Anthrax
1417 2483 1509 2508 cum
1528 2470 1608 2508 suis
1625 2470 1701 2508 du-

944 2531 1042 2569 dum
1060 2531 1122 2583 [v.
1132 2533 1247 2585 283.]
1264 2533 1306 2570 in
1317 2533 1480 2571 domum
1493 2533 1702 2585 Megadori

943 2595 1159 2634 introierat.
1205 2596 1315 2635 Hinc
1332 2605 1438 2636 recte
1454 2604 1699 2648 postremum

944 2659 1091 2711 Sequor
1108 2661 1149 2698 in
1168 2660 1277 2711 vulg.
1305 2667 1345 2699 et
1362 2660 1452 2699 edd.
1470 2667 1565 2699 vett.
1593 2661 1697 2700 Con·

941 2722 1071 2772 grioni
1107 2722 1310 2766 tribuitur,
1347 2722 1455 2774 quod
1489 2736 1697 2775 perperam

944 2784 1112 2824 Bothius
1130 2785 1333 2824 Anthraci.
1481 2786 1644 2826 Weiss.
