1864 3152
674 226 739 266 [N
776 224 1216 268 MENAECHMOS.
1622 224 1708 266 153

260 385 327 392 -
402 353 726 416 Obsonarier.]
776 360 840 401 Be
858 360 1078 413 provided.
1125 363 1283 403 obsonii
1301 363 1389 402 1000
1405 363 1495 402 emi.
1552 363 1616 401 ne
1644 362 1709 400 οι»-

175 439 291 486 mm‘o,
331 441 439 479 Infra
460 446 545 485 137.
585 442 712 481 Gloss.
766 442 934 493 Legitur
959 451 1090 482 autem
1116 450 1157 482 et
1178 442 1343 483 absono.-
1369 449 1410 480 et
1425 440 1595 486 obscum,
1617 441 1709 492 dep.

178 515 269 553 Aul.
298 515 385 555 236.
449 522 476 538 “
495 517 706 568 Postquam
742 516 935 555 obsonavit
970 517 1127 555 herus?
1153 522 1242 556 251.
1298 517 1429 554 “Non
1468 523 1623 567 poterat
1658 515 1709 554 de

175 602 249 627 suo
274 589 482 628 obsonari?
537 590 681 629 Bacch.
709 591 771 629 62.
818 596 841 613 “
857 590 1084 629 Oba-omitum
1111 590 1226 628 nobis
1253 585 1321 629 sit!⁴
1331 591 1566 642 opulentum
1592 591 1708 629 obso-

177 665 300 702 nium.
355 666 399 703 P.
429 665 519 716 Ego
548 665 768 704 obsonabo.''
822 666 933 704 Infra
963 671 1046 711 190.

255 783 336 821 127-
400 772 773 821 Glandionidam
821 770 1050 832 suillam.]
1122 778 1310 818 Kernels
1340 777 1463 831 from
1504 791 1532 816 a
1571 776 1708 817 boar's

178 855 309 900 neck‚·
360 854 406 906 (a
441 853 544 895 kind
579 853 629 895 of
662 854 842 910 brawn.)
911 858 1172 899 Glandionida
1217 873 1289 910 per
1328 859 1466 911 jocum
1511 859 1615 898 facta
1657 872 1708 898 ex

171 936 356 988 glandiis,
390 951 479 988 quae
507 946 601 976 sunt
624 938 778 977 callosae
803 946 935 990 partes
962 939 1003 977 in
1027 939 1180 978 cervice
1201 952 1403 990 aprorum,
1430 946 1472 977 et
1491 938 1534 976 in
1555 939 1709 978 deliciis

175 1025 376 1050 coenarum
395 1012 551 1051 habitae.
605 1012 723 1052 Cure.
742 1019 830 1057 327.
884 1014 1047 1052 “Perna
1064 1014 1159 1059 suis,
1184 1013 1393 1058 abdomen,
1420 1026 1573 1059 sumen,
1593 1014 1708 1065 glan-

175 1085 310 1123 dim?
364 1085 477 1137 Capt.
503 1091 590 1125 842.
645 1086 746 1124 Plin.
777 1087 864 1125 Lib.
895 1087 958 1127 36.
985 1101 1016 1126 c.
1047 1094 1078 1126 1.
1134 1087 1342 1125 “Exstant
1378 1087 1565 1126 censoriae
1600 1088 1709 1140 leges

172 1158 332 1209 glandia
359 1159 400 1196 in
428 1160 551 1198 coenis
578 1160 723 1211 apponi
752 1163 963 1199 vetantes.”
1020 1161 1128 1199 Hinc
1156 1161 1328 1212 Anglice
1350 1147 1502 1214 gland&

259 1289 326 1296 ——
400 1255 642 1317 suillam]
702 1268 796 1320 Adj.
825 1269 962 1306 dimin.
999 1283 1022 1306 a
1048 1269 1207 1306 suinam.
1263 1268 1495 1319 Aliquando
1528 1270 1709 1308 absolute

175 1344 332 1395 legitur,
350 1345 515 1383 subaud.
529 1358 693 1382 carnem.
724 1344 792 1384 Sic
804 1346 962 1397 agnina,
977 1347 1134 1392 bovina,
1150 1346 1336 1398 porcina;
1356 1345 1494 1397 [Capt.
1504 1347 1592 1390 776.
1610 1347 1709 1400 δια]

261 1475 327 1482 -—
402 1441 671 1503 Laridum]
731 1448 775 1488 F
773 1453 822 1489 at
853 1449 1013 1495 ὁασοης
1050 1450 1161 1490 lard.
1221 1453 1343 1504 Sync.
1375 1454 1537 1492 lardum.
1589 1453 1706 1505 Capt.

178 1536 264 1573 774.
319 1537 345 1553 “
358 1531 542 1569 Lar-idum
560 1538 681 1580 atque
699 1531 837 1582 epulas
854 1532 1014 1569 foveri.”
1055 1532 1156 1570 Hor.
1173 1532 1255 1571 Sat.
1274 1533 1329 1571 11.
1348 1546 1406 1571 VI.
1427 1538 1488 1572 85.
1532 1539 1558 1555 “
1570 1533 1707 1572 Seme·

175 1618 295 1655 saque
313 1604 417 1642 lardi
435 1605 598 1643 frusta.”
626 1605 733 1643 unde
750 1613 915 1657 apparet
933 1606 975 1643 in
992 1606 1230 1645 lautioribus
1248 1608 1349 1646 cibis
1366 1607 1515 1646 haberi.

258 1734 318 1741 —-
405 1705 766 1767 Pernonidem.]
837 1713 872 1754 A
903 1727 1107 1766 gammon
1138 1715 1192 1770 of
1214 1715 1359 1756 bacon.
1422 1718 1598 1766 Quidam
1634 1732 1708 1770 pro

172 1795 370 1846 adjectivo
400 1803 575 1840 sumunt,
601 1803 641 1833 et
670 1809 761 1834 cum
788 1795 952 1834 laridum
979 1803 1087 1835 arcte
1111 1797 1374 1849 conjungunt.
1429 1798 1502 1836 Est
1527 1805 1659 1836 autem
1686 1812 1708 1836 a

170 1883 303 1921 perna,
338 1883 428 1920 quae
456 1877 516 1908 est
546 1883 628 1921 pes,
663 1877 732 1908 aut
762 1870 895 1921 potius
927 1883 1017 1909 crus
1053 1871 1224 1909 suillum.
1284 1872 1389 1910 Pers.
1423 1872 1503 1910 Sat.
1534 1873 1613 1910 111.
1645 1878 1709 1916 75.

176 1944 364 1989 “Ferrum
395 1945 516 1983 Marsi
538 1952 794 1983 monumenta
823 1944 1011 1983 clientis.”
1065 1945 1165 1983 Hor.
1192 1946 1270 1984 Sat.
1293 1947 1347 1984 II.
1375 1959 1422 1984 11.
1450 1952 1535 1990 117.
1590 1948 1708 1985 “Fu-

174 2033 292 2058 mosae
303 2033 393 2059 cum
407 2019 510 2070 pede
518 2020 685 2070 pernae.”
708 2018 821 2070 capt.
835 2024 922 2062 777.
949 2025 971 2041 “
986 2019 1153 2058 Pernam
1165 2026 1286 2070 atque
1300 2021 1625 2071 ophthalmiam.”
1635 2023 1707 2061 διε.

251 2134 333 2168 128.
400 2123 655 2188 Sinciput.]
717 2127 836 2180 Pig's
857 2128 976 2181 face·
1035 2132 1159 2179 Quasi
1189 2133 1431 2185 semi-caput.
1487 2133 1595 2172 Pers.
1628 2133 1707 2172 Sat.

176 2211 246 2248 VI.
284 2217 343 2253 70.
399 2210 547 2248 “Fissa
582 2211 783 2248 fumosum
818 2210 986 2262 sinciput
1021 2214 1150 2249 aure.''
1204 2212 1307 2251 Sunt
1342 2214 1412 2264 qui
1448 2213 1590 2251 dicunt
1623 2226 1708 2251 esse

173 2294 325 2338 partem
348 2285 487 2336 capitis
510 2285 759 2329 anteriorem,
789 2292 833 2322 ut
854 2284 1002 2336 occiput
1030 2286 1310 2336 posteriorem;
1342 2287 1411 2325 sed
1439 2300 1518 2325 non
1543 2294 1706 2325 constat.

258 2423 325 2433 .-
396 2390 607 2439 Omenta
647 2388 877 2454 porcina]
949 2396 1068 2436 Porlc
1104 2410 1332 2453 sansages.
1398 2405 1484 2440 Aut
1527 2403 1705 2448 fortasse,

175 2477 461 2517 Smeet-hreads.
515 2478 621 2516 Nam
655 2483 837 2515 omentum
874 2485 944 2523 est,
981 2492 1060 2517 non
1095 2479 1215 2517 modo
1245 2482 1476 2519 membrana
1512 2481 1578 2519 illa
1614 2495 1704 2533 quae

173 2551 358 2590 intestina
385 2552 647 2603 circumtegit,
677 2552 757 2601 (the
779 2552 897 2602 cau1‚)
929 2553 996 2591 sed
1025 2561 1066 2591 et
1090 2567 1165 2604 pro
1189 2554 1286 2604 ipsis
1314 2555 1533 2594 visceribus
1550 2563 1591 2595 et
1612 2570 1704 2608 par-

173 2627 281 2665 tibus
303 2626 574 2678 adjacentibus
604 2634 829 2677 usurpatur.
884 2627 990 2666 Pers.
1012 2628 1094 2666 Sat.
1117 2629 1191 2666 Vl.
1216 2634 1277 2672 74.
1333 2636 1358 2652 “
1372 2620 1536 2669 Tremat
1560 2637 1705 2671 omento

174 2715 279 2754 popa
297 2704 468 2740 venter.”
522 2703 576 2740 Et
593 2702 648 2740 11.
668 2708 729 2746 47.
786 2709 811 2724 “
823 2702 926 2740 Cum
945 2703 987 2740 in
1005 2703 1172 2741 flammis
1190 2704 1376 2754 junicum
1393 2711 1537 2745 omenta
1553 2707 1701 2759 liques-

175 2779 299 2816 cant.”
354 2777 503 2815 Forsan
519 2779 570 2816 ab
587 2791 703 2822 omen,
729 2777 822 2828 quia
839 2785 928 2815 exta
947 2778 1205 2817 consulebant
1223 2779 1492 2819 vaticinantes.

279 2853 329 2886 20
