1864 3152
619 266 685 307 IN
721 266 1173 308 AULULARIAM.
1571 267 1652 310 161

127 392 380 441 proverbium
415 406 549 430 ansam
587 394 704 432 alicui
731 395 839 439 dare,
882 396 983 433 Vide
1012 394 1125 434 Nott.
1164 404 1203 434 et
1239 396 1317 434 huc
1355 395 1515 447 respicit
1552 397 1660 447 quod

126 472 235 503 notat
265 467 367 504 Cas:
398 468 448 506 ad
477 468 680 521 Aristoph.
710 469 811 521 qu.
839 476 927 510 844.
954 484 1049 522 sqq:
1080 471 1205 508 Moris
1236 484 1379 522 nempe
1403 470 1538 516 fuisse,
1566 484 1657 510 cum

125 553 233 577 arma
260 550 591 588 consecrarentur,
625 551 670 582 ut
697 543 764 582 illa
794 544 1007 584 redderent
1028 545 1195 590 inutilia,
1223 558 1336 583 ansas
1358 552 1427 584 aut
1452 545 1659 583 manubria

125 620 325 667 adimere;
356 622 392 660 h.
414 637 447 662 e.
475 636 525 662 ne
543 624 727 675 cuiquam
754 625 796 663 in
816 633 1005 677 promptu
1024 632 1126 664 esset
1147 632 1284 664 contra
1303 625 1589 677 rempublicam
1612 639 1657 664 ea

126 709 291 735 sumere.

196 844 284 882 427·
356 834 571 895 Affinis.]
627 845 760 883 Gener
781 845 952 883 futurus.
1008 844 1152 883 Differt
1175 845 1282 884 enim
1300 844 1425 895 affinis
1443 858 1466 883 a
1486 850 1653 896 cognato,

123 919 230 968 quod
255 919 320 958 hic
347 920 398 958 sit
423 921 623 972 sanguine,
654 923 720 962 ille
751 922 989 961 matrimonio
1011 923 1176 975 junctus
1203 922 1331 960 alicui.

204 1073 270 1079 —
346 1045 564 1108 Eccum]
633 1053 746 1094 Ecce
779 1068 890 1095 eum.
961 1059 1072 1097 Infra
1095 1065 1182 1105 491.

205 1212 270 1219 —
349 1180 577 1243 Incedit]
615 1189 764 1230 Comes
780 1191 1000 1244 strutting
1016 1194 1158 1244 along.
1197 1196 1288 1233 Non
1306 1202 1454 1234 temere
1471 1195 1557 1233 haec
1575 1208 1652 1233 vox

120 1268 171 1305 de
188 1267 324 1306 divitis
340 1276 455 1319 gestu
474 1277 514 1307 et
531 1270 741 1321 magnifico
759 1270 907 1309 incessu
927 1271 1149 1311 adhibetur.
1184 1273 1286 1312 Vide
1305 1287 1395 1324 quae
1415 1274 1544 1325 Supra
1562 1287 1598 1312 v.
1614 1279 1649 1319 8,

120 1350 159 1380 et
186 1343 238 1381 ad
271 1345 379 1383 Men.
416 1349 505 1390 787,
536 1346 786 1384 contulimus.
851 1346 981 1392 Adde,
1019 1348 1083 1393 sis,
1118 1348 1213 1387 Sall.
1241 1348 1341 1387 Bell.
1370 1348 1466 1399 Jug.
1495 1348 1651 1387 XXXI.

122 1416 349 1456 “Incedunt
377 1419 610 1470 magnifici?

193 1569 281 1603 430.
351 1559 673 1624 Conditione.]
747 1568 1014 1609 Conneaeion.
1086 1571 1215 1623 Supra
1235 1577 1320 1617 194.
1375 1571 1554 1609 Plurima
1581 1583 1647 1609 ex-

118 1644 248 1696 empla
279 1647 432 1685 confert
457 1647 590 1686 Gron:
619 1649 662 1687 in
691 1649 797 1688 Lect.
825 1650 955 1688 Plant.
983 1659 1022 1690 et
1047 1651 1171 1696 addit,
1208 1651 1351 1689 ”Hinc
1386 1650 1557 1688 formula
1586 1663 1648 1689 re-

117 1718 231 1769 pudii
260 1727 374 1758 vetus
404 1728 589 1760 annotata
619 1722 661 1760 in
691 1723 803 1762 libris
826 1724 951 1776 juris:
992 1724 1214 1763 Conditione
1254 1729 1321 1762 tua
1359 1737 1431 1762 non
1463 1728 1561 1770 utor,
1597 1723 1649 1762 ad

115 1794 432 1844 exprimendum,
461 1810 541 1834 non
570 1796 714 1836 ducam
736 1806 788 1845 te,
817 1812 890 1837 nec
920 1799 1215 1838 matrimonium
1249 1807 1381 1838 tecum
1408 1797 1647 1837 contraham.

118 1867 251 1907 Senec.
281 1869 323 1907 in
350 1869 510 1922 Fragm.
540 1871 648 1923 apud
675 1872 849 1924 August.
904 1879 930 1896 “
944 1873 1149 1912 Bellonam
1174 1874 1294 1912 Marti
1321 1874 1524 1919 collocant,
1543 1873 1646 1911 Vul-

116 1955 213 1980 cano
250 1943 456 1990 Venerem,
495 1946 684 1997 Neptuno
721 1947 902 1992 Dianam,
949 1948 1139 1998 quosdam
1173 1948 1332 1986 coelibes
1366 1947 1646 1998 relinquentes,

113 2018 227 2068 quasi
261 2017 426 2056 conditio
453 2018 716 2058 defecerit.'’“

188 2159 276 2197 437.
342 2148 524 2197 Malam
561 2148 701 2209 rem.]
802 2155 1015 2201 Trouble‚·
1069 2154 1368 2208 punishment.
1461 2157 1640 2202 Poenam,

115 2232 437 2283 castigationem,
466 2240 511 2270 ut
540 2234 687 2284 passim
722 2234 831 2285 apud
866 2234 1067 2272 Nostrum.
1132 2233 1246 2271 Infra
1271 2232 1359 2272 635.
1389 2237 1476 2276 758.
1530 2232 1642 2271 Men.

114 2311 202 2351 398.
272 2306 374 2344 “An
405 2306 478 2344 tibi
507 2305 647 2344 malam
686 2319 762 2344 rem
791 2307 851 2345 vis
886 2321 960 2358 pro
993 2307 1211 2346 maledictis
1246 2306 1382 2344 dari?”
1435 2306 1549 2345 Asin.
1578 2312 1640 2352 29.

117 2390 141 2406 “
153 2383 271 2427 Cave,
301 2382 366 2426 sis,
394 2381 533 2420 malam
559 2395 636 2420 rem
648 2383 688 2419 !''
739 2382 796 2420 Et
822 2382 930 2420 hunc
958 2396 1116 2421 sensum
1144 2382 1260 2421 unice
1284 2395 1368 2420 esse
1393 2395 1531 2420 verum
1547 2395 1642 2434 pro-

113 2461 243 2504 batur,
275 2472 367 2498 cum
395 2471 419 2495 a
444 2457 612 2496 lectione
640 2457 764 2509 magis
799 2471 919 2509 quam
945 2459 1126 2510 praebent
1154 2458 1288 2496 Codd:
1322 2458 1405 2496 fere
1434 2471 1582 2503 omnes,
1601 2465 1642 2497 et

116 2534 250 2572 Editt:
298 2541 384 2572 tum
420 2547 443 2570 a
479 2533 601 2571 verbo
642 2538 773 2578 metuo,
815 2533 931 2584 cujus
965 2533 1167 2585 propriam
1208 2533 1535 2584 significationem
1570 2532 1638 2571 In-

112 2610 175 2648 fra
201 2608 396 2647 dabimus.
464 2607 534 2645 Sin
562 2606 687 2645 minus
712 2607 879 2658 legatur,
910 2614 998 2646 tum
1033 2621 1170 2646 sensus
1199 2613 1303 2646 esset
1333 2620 1452 2657 quem
1487 2607 1639 2658 praebet

113 2685 220 2724 Con.
240 2686 318 2723 Ms.
343 2724 347 2726 ,
370 2686 391 2699 ”
405 2683 556 2722 Malam
589 2696 679 2728 rem,
711 2683 898 2735 inopiam,
926 2683 1090 2728 labores,
1121 2696 1221 2734 quos
1249 2682 1456 2733 patiuntur
1487 2696 1636 2734 paupe·

114 2766 216 2798 res.“
271 2759 350 2798 Sed
381 2759 547 2797 alterum
579 2757 720 2796 melius
730 2772 741 2803 ;
780 2757 882 2795 Vide
910 2756 1022 2795 Nott.
1054 2757 1168 2794 Critt.

221 2837 263 2869 21
