<?xml version="1.0" encoding="UTF-8"?>
<!DOCTYPE html PUBLIC "-//W3C//DTD XHTML 1.0 Transitional//EN"
    "http://www.w3.org/TR/xhtml1/DTD/xhtml1-transitional.dtd">
<html xmlns="http://www.w3.org/1999/xhtml" xml:lang="en" lang="en">
 <head>
  <title>
</title>
<meta http-equiv="Content-Type" content="text/html;charset=utf-8" />
  <meta name='ocr-system' content='tesseract 3.04.00' />
  <meta name='ocr-capabilities' content='ocr_page ocr_carea ocr_par ocr_line ocrx_word'/>
</head>
<body>
  <div class='ocr_page' id='page_1' title='image "./captivitrinummus00plauuoft_0215.png"; bbox 0 0 1864 3152; ppageno 0'>
   <div class='ocr_carea' id='block_1_1' title="bbox 707 262 1107 304">
    <p class='ocr_par' dir='ltr' id='par_1_1' title="bbox 707 262 1107 304">
     <span class='ocr_line' id='line_1_1' title="bbox 707 262 1107 304; baseline 0 -1"><span class='ocrx_word' id='word_1_1' title='bbox 707 262 1107 304; x_wconf 81' lang='lat' dir='ltr'>AULULARIA.</span> 
     </span>
    </p>
   </div>
   <div class='ocr_carea' id='block_1_2' title="bbox 1637 263 1695 305">
    <p class='ocr_par' dir='ltr' id='par_1_2' title="bbox 1637 263 1695 305">
     <span class='ocr_line' id='line_1_2' title="bbox 1637 263 1695 305; baseline 0.069 -4"><span class='ocrx_word' id='word_1_2' title='bbox 1637 263 1695 305; x_wconf 84' lang='lat'>59</span> 
     </span>
    </p>
   </div>
   <div class='ocr_carea' id='block_1_3' title="bbox 251 393 1693 623">
    <p class='ocr_par' dir='ltr' id='par_1_3' title="bbox 251 393 1693 623">
     <span class='ocr_line' id='line_1_3' title="bbox 251 393 1644 458; baseline -0.001 -17"><span class='ocrx_word' id='word_1_3' title='bbox 251 393 402 442; x_wconf 86' lang='lat' dir='ltr'><strong>Credo</strong></span> <span class='ocrx_word' id='word_1_4' title='bbox 425 394 588 458; x_wconf 85' lang='lat' dir='ltr'><strong>edepol</strong></span> <span class='ocrx_word' id='word_1_5' title='bbox 612 412 698 458; x_wconf 90' lang='lat' dir='ltr'>ego</span> <span class='ocrx_word' id='word_1_6' title='bbox 720 394 794 442; x_wconf 92' lang='lat' dir='ltr'>illi</span> <span class='ocrx_word' id='word_1_7' title='bbox 817 394 1077 442; x_wconf 86' lang='lat' dir='ltr'>mercedem</span> <span class='ocrx_word' id='word_1_8' title='bbox 1099 393 1224 458; x_wconf 86' lang='lat' dir='ltr'>gallo</span> <span class='ocrx_word' id='word_1_9' title='bbox 1245 393 1479 457; x_wconf 83' lang='lat' dir='ltr'><strong>pollicitos</strong></span> <span class='ocrx_word' id='word_1_10' title='bbox 1502 409 1644 447; x_wconf 87' lang='lat' dir='ltr'>cocos,</span> 
     </span>
     <span class='ocr_line' id='line_1_4' title="bbox 251 475 1690 540; baseline -0.003 -17"><span class='ocrx_word' id='word_1_11' title='bbox 251 475 305 523; x_wconf 91' lang='lat' dir='ltr'>Si</span> <span class='ocrx_word' id='word_1_12' title='bbox 328 476 378 524; x_wconf 91' lang='lat' dir='ltr'>id</span> <span class='ocrx_word' id='word_1_13' title='bbox 401 477 553 540; x_wconf 83' lang='lat' dir='ltr'>palam</span> <span class='ocrx_word' id='word_1_14' title='bbox 577 476 786 525; x_wconf 81' lang='lat' dir='ltr'>fecisset:</span> <span class='ocrx_word' id='word_1_15' title='bbox 821 478 975 525; x_wconf 89' lang='lat' dir='ltr'>exemi</span> <span class='ocrx_word' id='word_1_16' title='bbox 998 494 1057 524; x_wconf 83' lang='lat' dir='ltr'>ex</span> <span class='ocrx_word' id='word_1_17' title='bbox 1079 493 1224 524; x_wconf 91' lang='lat' dir='ltr'>manu</span> <span class='ocrx_word' id='word_1_18' title='bbox 1245 476 1557 523; x_wconf 86' lang='lat' dir='ltr'>manubrium.</span> <span class='ocrx_word' id='word_1_19' title='bbox 1615 486 1690 519; x_wconf 78' lang='lat'>425</span> 
     </span>
     <span class='ocr_line' id='line_1_5' title="bbox 251 557 1693 623; baseline -0.002 -16"><span class='ocrx_word' id='word_1_20' title='bbox 251 557 387 614; x_wconf 87' lang='lat' dir='ltr'>Quid</span> <span class='ocrx_word' id='word_1_21' title='bbox 420 576 535 623; x_wconf 82' lang='lat' dir='ltr'>opus</span> <span class='ocrx_word' id='word_1_22' title='bbox 569 567 641 607; x_wconf 89' lang='lat' dir='ltr'>est</span> <span class='ocrx_word' id='word_1_23' title='bbox 672 560 860 607; x_wconf 85' lang='lat' dir='ltr'>verbis?</span> <span class='ocrx_word' id='word_1_24' title='bbox 897 559 1021 607; x_wconf 87' lang='lat' dir='ltr'>facta</span> <span class='ocrx_word' id='word_1_25' title='bbox 1055 567 1127 606; x_wconf 86' lang='lat' dir='ltr'>est</span> <span class='ocrx_word' id='word_1_26' title='bbox 1160 575 1321 622; x_wconf 88' lang='lat' dir='ltr'>pugna</span> <span class='ocrx_word' id='word_1_27' title='bbox 1353 559 1401 605; x_wconf 91' lang='lat' dir='ltr'>in</span> <span class='ocrx_word' id='word_1_28' title='bbox 1434 557 1560 622; x_wconf 86' lang='lat' dir='ltr'>gallo</span> <span class='ocrx_word' id='word_1_29' title='bbox 1593 557 1693 621; x_wconf 87' lang='lat' dir='ltr'>gal-</span> 
     </span>
    </p>
   </div>
   <div class='ocr_carea' id='block_1_4' title="bbox 448 641 642 689">
    <p class='ocr_par' dir='ltr' id='par_1_4' title="bbox 448 641 642 689">
     <span class='ocr_line' id='line_1_6' title="bbox 448 641 642 689; baseline -0.005 -1"><span class='ocrx_word' id='word_1_30' title='bbox 448 641 642 689; x_wconf 85' lang='lat' dir='ltr'>linaceo.</span> 
     </span>
    </p>
   </div>
   <div class='ocr_carea' id='block_1_5' title="bbox 249 722 1692 870">
    <p class='ocr_par' dir='ltr' id='par_1_5' title="bbox 249 722 1692 870">
     <span class='ocr_line' id='line_1_7' title="bbox 253 722 1660 790; baseline -0.004 -16"><span class='ocrx_word' id='word_1_31' title='bbox 253 726 347 774; x_wconf 90' lang='lat' dir='ltr'>Sed</span> <span class='ocrx_word' id='word_1_32' title='bbox 378 725 681 790; x_wconf 85' lang='lat' dir='ltr'>Megadorus,</span> <span class='ocrx_word' id='word_1_33' title='bbox 713 742 844 772; x_wconf 91' lang='lat' dir='ltr'>meus</span> <span class='ocrx_word' id='word_1_34' title='bbox 875 724 1042 778; x_wconf 80' lang='lat' dir='ltr'>affiniS,</span> <span class='ocrx_word' id='word_1_35' title='bbox 1077 739 1233 771; x_wconf 90' lang='lat' dir='ltr'>eccum</span> <span class='ocrx_word' id='word_1_36' title='bbox 1269 723 1447 770; x_wconf 84' lang='lat' dir='ltr'>incedit</span> <span class='ocrx_word' id='word_1_37' title='bbox 1478 740 1507 770; x_wconf 89' lang='lat' dir='ltr'>a</span> <span class='ocrx_word' id='word_1_38' title='bbox 1536 722 1660 770; x_wconf 86' lang='lat' dir='ltr'>foro!</span> 
     </span>
     <span class='ocr_line' id='line_1_8' title="bbox 249 806 1692 870; baseline -0.001 -14"><span class='ocrx_word' id='word_1_39' title='bbox 249 808 360 856; x_wconf 90' lang='lat' dir='ltr'>Jam</span> <span class='ocrx_word' id='word_1_40' title='bbox 401 808 527 856; x_wconf 88' lang='lat' dir='ltr'>hunc</span> <span class='ocrx_word' id='word_1_41' title='bbox 569 824 662 855; x_wconf 92' lang='lat' dir='ltr'>non</span> <span class='ocrx_word' id='word_1_42' title='bbox 702 808 851 855; x_wconf 90' lang='lat' dir='ltr'>ausim</span> <span class='ocrx_word' id='word_1_43' title='bbox 895 806 1145 870; x_wconf 87' lang='lat' dir='ltr'>praeterire,</span> <span class='ocrx_word' id='word_1_44' title='bbox 1189 807 1303 869; x_wconf 92' lang='lat' dir='ltr'>quin</span> <span class='ocrx_word' id='word_1_45' title='bbox 1349 807 1599 854; x_wconf 82' lang='lat' dir='ltr'>consistam</span> <span class='ocrx_word' id='word_1_46' title='bbox 1643 813 1692 854; x_wconf 87' lang='lat' dir='ltr'>et</span> 
     </span>
    </p>
   </div>
   <div class='ocr_carea' id='block_1_6' title="bbox 444 890 692 954">
    <p class='ocr_par' dir='ltr' id='par_1_6' title="bbox 444 890 692 954">
     <span class='ocr_line' id='line_1_9' title="bbox 444 890 692 954; baseline -0.012 -16"><span class='ocrx_word' id='word_1_47' title='bbox 444 890 692 954; x_wconf 88' lang='lat' dir='ltr'>colloquar.</span> 
     </span>
    </p>
   </div>
   <div class='ocr_carea' id='block_1_7' title="bbox 118 1039 1690 1113">
    <p class='ocr_par' dir='ltr' id='par_1_7' title="bbox 118 1039 1690 1113">
     <span class='ocr_line' id='line_1_10' title="bbox 178 1039 1690 1080; baseline -0.001 -16"><span class='ocrx_word' id='word_1_48' title='bbox 178 1048 202 1064; x_wconf 74' lang='lat' dir='ltr'>v.</span> <span class='ocrx_word' id='word_1_49' title='bbox 220 1042 273 1065; x_wconf 73' lang='grc'>424.</span> <span class='ocrx_word' id='word_1_50' title='bbox 311 1042 410 1080; x_wconf 47' lang='grc' dir='ltr'>Ει-ιφοι</span> <span class='ocrx_word' id='word_1_51' title='bbox 425 1047 478 1072; x_wconf 75' lang='lat'>090,</span> <span class='ocrx_word' id='word_1_52' title='bbox 495 1040 540 1065; x_wconf 68' lang='lat'>112</span> <span class='ocrx_word' id='word_1_53' title='bbox 556 1046 650 1065; x_wconf 75' lang='lat' dir='ltr'>omnes</span> <span class='ocrx_word' id='word_1_54' title='bbox 666 1039 751 1064; x_wconf 77' lang='lat' dir='ltr'>nostri</span> <span class='ocrx_word' id='word_1_55' title='bbox 767 1043 863 1072; x_wconf 65' lang='lat' dir='ltr'>preter</span> <span class='ocrx_word' id='word_1_56' title='bbox 879 1039 957 1069; x_wconf 84' lang='lat' dir='ltr'><strong>B.b;</strong></span> <span class='ocrx_word' id='word_1_57' title='bbox 974 1040 1021 1064; x_wconf 82' lang='lat' dir='ltr'>ubi</span> <span class='ocrx_word' id='word_1_58' title='bbox 1038 1042 1077 1064; x_wconf 72' lang='lat' dir='ltr'>est</span> <span class='ocrx_word' id='word_1_59' title='bbox 1094 1040 1237 1071; x_wconf 67' lang='lat' dir='ltr'>Credam</span> <span class='ocrx_word' id='word_1_60' title='bbox 1253 1040 1293 1064; x_wconf 74' lang='lat' dir='ltr'>illi</span> <span class='ocrx_word' id='word_1_61' title='bbox 1307 1040 1404 1070; x_wconf 73' lang='lat' dir='ltr'>edepol.</span> <span class='ocrx_word' id='word_1_62' title='bbox 1440 1039 1519 1071; x_wconf 75' lang='lat' dir='ltr'>Vulg.</span> <span class='ocrx_word' id='word_1_63' title='bbox 1537 1041 1690 1072; x_wconf 64' lang='lat' dir='ltr'>qoedepol.</span> 
     </span>
     <span class='ocr_line' id='line_1_11' title="bbox 118 1080 1176 1113; baseline -0.001 -7"><span class='ocrx_word' id='word_1_64' title='bbox 118 1080 195 1106; x_wconf 71' lang='lat' dir='ltr'>Prior</span> <span class='ocrx_word' id='word_1_65' title='bbox 209 1081 268 1113; x_wconf 69' lang='lat' dir='ltr'>tyn.</span> <span class='ocrx_word' id='word_1_66' title='bbox 286 1086 345 1104; x_wconf 80' lang='grc' dir='ltr'>τον</span> <span class='ocrx_word' id='word_1_67' title='bbox 362 1082 405 1107; x_wconf 70' lang='lat' dir='ltr'>fui·</span> <span class='ocrx_word' id='word_1_68' title='bbox 419 1081 687 1113; x_wconf 68' lang='lat' dir='ltr'>corripiam—⁴25.</span> <span class='ocrx_word' id='word_1_69' title='bbox 707 1083 754 1107; x_wconf 75' lang='lat' dir='ltr'>Ec</span> <span class='ocrx_word' id='word_1_70' title='bbox 767 1088 863 1111; x_wconf 72' lang='lat' dir='ltr'>mnu,</span> <span class='ocrx_word' id='word_1_71' title='bbox 879 1088 973 1107; x_wconf 73' lang='lat' dir='ltr'>omne·</span> <span class='ocrx_word' id='word_1_72' title='bbox 988 1081 1079 1106; x_wconf 81' lang='lat' dir='ltr'>Nostri</span> <span class='ocrx_word' id='word_1_73' title='bbox 1094 1080 1176 1105; x_wconf 77' lang='lat' dir='ltr'>codd.</span> 
     </span>
    </p>
   </div>
   <div class='ocr_carea' id='block_1_8' title="bbox 115 1189 871 1684">
    <p class='ocr_par' dir='ltr' id='par_1_8' title="bbox 115 1189 871 1684">
     <span class='ocr_line' id='line_1_12' title="bbox 116 1189 869 1229; baseline -0.003 -1"><span class='ocrx_word' id='word_1_74' title='bbox 116 1191 249 1229; x_wconf 88' lang='lat' dir='ltr'>knock</span> <span class='ocrx_word' id='word_1_75' title='bbox 263 1190 326 1228; x_wconf 84' lang='lat' dir='ltr'>his</span> <span class='ocrx_word' id='word_1_76' title='bbox 336 1191 469 1228; x_wconf 88' lang='lat' dir='ltr'>brains</span> <span class='ocrx_word' id='word_1_77' title='bbox 483 1191 574 1228; x_wconf 64' lang='lat' dir='ltr'>out!</span> <span class='ocrx_word' id='word_1_78' title='bbox 615 1189 726 1227; x_wconf 85' lang='lat' dir='ltr'>Inest</span> <span class='ocrx_word' id='word_1_79' title='bbox 737 1189 869 1227; x_wconf 88' lang='lat' dir='ltr'>nescio</span> 
     </span>
     <span class='ocr_line' id='line_1_13' title="bbox 118 1253 868 1305; baseline -0.003 -13"><span class='ocrx_word' id='word_1_80' title='bbox 118 1254 217 1305; x_wconf 89' lang='lat' dir='ltr'>quid</span> <span class='ocrx_word' id='word_1_81' title='bbox 246 1254 338 1305; x_wconf 89' lang='lat' dir='ltr'>plus</span> <span class='ocrx_word' id='word_1_82' title='bbox 369 1254 531 1305; x_wconf 89' lang='lat' dir='ltr'>spiritus</span> <span class='ocrx_word' id='word_1_83' title='bbox 559 1254 689 1291; x_wconf 93' lang='lat' dir='ltr'>verbis</span> <span class='ocrx_word' id='word_1_84' title='bbox 721 1253 776 1291; x_wconf 90' lang='lat' dir='ltr'>sic</span> <span class='ocrx_word' id='word_1_85' title='bbox 806 1266 868 1290; x_wconf 90' lang='lat' dir='ltr'>ra-</span> 
     </span>
     <span class='ocr_line' id='line_1_14' title="bbox 116 1316 870 1369; baseline -0.001 -14"><span class='ocrx_word' id='word_1_86' title='bbox 116 1318 211 1369; x_wconf 87' lang='lat' dir='ltr'>pide</span> <span class='ocrx_word' id='word_1_87' title='bbox 246 1319 374 1363; x_wconf 87' lang='lat' dir='ltr'>dictis,</span> <span class='ocrx_word' id='word_1_88' title='bbox 415 1331 534 1368; x_wconf 87' lang='lat' dir='ltr'>quam</span> <span class='ocrx_word' id='word_1_89' title='bbox 571 1317 603 1355; x_wconf 89' lang='lat' dir='ltr'>si</span> <span class='ocrx_word' id='word_1_90' title='bbox 641 1316 870 1368; x_wconf 88' lang='lat' dir='ltr'>simpliciter</span> 
     </span>
     <span class='ocr_line' id='line_1_15' title="bbox 117 1377 868 1431; baseline -0.004 -13"><span class='ocrx_word' id='word_1_91' title='bbox 117 1379 281 1418; x_wconf 81' lang='lat' dir='ltr'>dixisset</span> <span class='ocrx_word' id='word_1_92' title='bbox 314 1379 397 1431; x_wconf 83' lang='lat' dir='ltr'>cepi</span> <span class='ocrx_word' id='word_1_93' title='bbox 431 1380 591 1424; x_wconf 86' lang='lat' dir='ltr'>fustem,</span> <span class='ocrx_word' id='word_1_94' title='bbox 627 1379 778 1430; x_wconf 89' lang='lat' dir='ltr'>gallum</span> <span class='ocrx_word' id='word_1_95' title='bbox 805 1377 868 1416; x_wconf 84' lang='lat' dir='ltr'>ob-</span> 
     </span>
     <span class='ocr_line' id='line_1_16' title="bbox 116 1442 870 1482; baseline -0.001 -2"><span class='ocrx_word' id='word_1_96' title='bbox 116 1443 330 1482; x_wconf 71' lang='lat' dir='ltr'>truncavit.</span> <span class='ocrx_word' id='word_1_97' title='bbox 354 1443 526 1481; x_wconf 82' lang='lat' dir='ltr'>notanda</span> <span class='ocrx_word' id='word_1_98' title='bbox 555 1449 647 1480; x_wconf 87' lang='lat' dir='ltr'>sunt</span> <span class='ocrx_word' id='word_1_99' title='bbox 674 1442 759 1480; x_wconf 87' lang='lat' dir='ltr'>haec</span> <span class='ocrx_word' id='word_1_100' title='bbox 787 1455 870 1479; x_wconf 86' lang='lat' dir='ltr'>om-</span> 
     </span>
     <span class='ocr_line' id='line_1_17' title="bbox 115 1504 871 1557; baseline -0.004 -13"><span class='ocrx_word' id='word_1_101' title='bbox 115 1505 194 1551; x_wconf 88' lang='lat' dir='ltr'>nia,</span> <span class='ocrx_word' id='word_1_102' title='bbox 214 1506 364 1557; x_wconf 88' lang='lat' dir='ltr'>quippe</span> <span class='ocrx_word' id='word_1_103' title='bbox 379 1505 525 1556; x_wconf 90' lang='lat' dir='ltr'>quibus</span> <span class='ocrx_word' id='word_1_104' title='bbox 542 1504 791 1556; x_wconf 87' lang='lat' dir='ltr'>potissimum</span> <span class='ocrx_word' id='word_1_105' title='bbox 809 1517 871 1542; x_wconf 88' lang='lat' dir='ltr'>ars</span> 
     </span>
     <span class='ocr_line' id='line_1_18' title="bbox 115 1568 870 1620; baseline -0.001 -13"><span class='ocrx_word' id='word_1_106' title='bbox 115 1576 156 1607; x_wconf 89' lang='lat' dir='ltr'>et</span> <span class='ocrx_word' id='word_1_107' title='bbox 186 1569 391 1620; x_wconf 87' lang='lat' dir='ltr'>ingenium</span> <span class='ocrx_word' id='word_1_108' title='bbox 425 1569 612 1607; x_wconf 83' lang='lat' dir='ltr'>Auctoris</span> <span class='ocrx_word' id='word_1_109' title='bbox 642 1568 766 1606; x_wconf 89' lang='lat' dir='ltr'>nostri</span> <span class='ocrx_word' id='word_1_110' title='bbox 801 1582 870 1620; x_wconf 90' lang='lat' dir='ltr'>ap-</span> 
     </span>
     <span class='ocr_line' id='line_1_19' title="bbox 116 1641 262 1684; baseline 0 -13"><span class='ocrx_word' id='word_1_111' title='bbox 116 1641 262 1684; x_wconf 85' lang='lat' dir='ltr'>pareat.</span> 
     </span>
    </p>
   </div>
   <div class='ocr_carea' id='block_1_9' title="bbox 115 1716 871 1882">
    <p class='ocr_par' dir='ltr' id='par_1_9' title="bbox 115 1716 871 1882">
     <span class='ocr_line' id='line_1_20' title="bbox 169 1716 869 1768; baseline -0.004 -12"><span class='ocrx_word' id='word_1_112' title='bbox 169 1723 257 1757; x_wconf 77' lang='lat'>425.</span> <span class='ocrx_word' id='word_1_113' title='bbox 287 1716 333 1755; x_wconf 80' lang='lat' dir='ltr'>Si</span> <span class='ocrx_word' id='word_1_114' title='bbox 350 1716 391 1755; x_wconf 80' lang='lat' dir='ltr'>id</span> <span class='ocrx_word' id='word_1_115' title='bbox 403 1717 534 1768; x_wconf 84' lang='lat' dir='ltr'>palam</span> <span class='ocrx_word' id='word_1_116' title='bbox 539 1716 742 1768; x_wconf 57' lang='lat' dir='ltr'>fecisset]</span> <span class='ocrx_word' id='word_1_117' title='bbox 771 1716 824 1754; x_wconf 90' lang='lat' dir='ltr'>H.</span> <span class='ocrx_word' id='word_1_118' title='bbox 836 1730 869 1754; x_wconf 90' lang='lat' dir='ltr'>e.</span> 
     </span>
     <span class='ocr_line' id='line_1_21' title="bbox 119 1778 871 1824; baseline -0.005 -5"><span class='ocrx_word' id='word_1_119' title='bbox 119 1782 280 1824; x_wconf 83' lang='lat' dir='ltr'>Aurum,</span> <span class='ocrx_word' id='word_1_120' title='bbox 319 1793 388 1818; x_wconf 90' lang='lat' dir='ltr'>seu</span> <span class='ocrx_word' id='word_1_121' title='bbox 426 1779 667 1818; x_wconf 88' lang='lat' dir='ltr'>thesaurum.</span> <span class='ocrx_word' id='word_1_122' title='bbox 723 1778 792 1815; x_wconf 78' lang='lat' dir='ltr'>‘If</span> <span class='ocrx_word' id='word_1_123' title='bbox 820 1778 871 1816; x_wconf 90' lang='lat' dir='ltr'>he</span> 
     </span>
     <span class='ocr_line' id='line_1_22' title="bbox 115 1843 426 1882; baseline -0.003 -1"><span class='ocrx_word' id='word_1_124' title='bbox 115 1843 346 1882; x_wconf 85' lang='lat' dir='ltr'>discovered</span> <span class='ocrx_word' id='word_1_125' title='bbox 373 1843 426 1881; x_wconf 71' lang='lat' dir='ltr'>it:</span> 
     </span>
    </p>
   </div>
   <div class='ocr_carea' id='block_1_10' title="bbox 99 1922 869 2794">
    <p class='ocr_par' dir='ltr' id='par_1_10' title="bbox 99 1922 869 2794">
     <span class='ocr_line' id='line_1_23' title="bbox 164 1922 869 1973; baseline 0 -14"><span class='ocrx_word' id='word_1_126' title='bbox 164 1946 218 1952; x_wconf 93' lang='lat'><strong>—</strong></span> <span class='ocrx_word' id='word_1_127' title='bbox 261 1922 398 1964; x_wconf 70' lang='lat' dir='ltr'>Exemi</span> <span class='ocrx_word' id='word_1_128' title='bbox 412 1937 457 1961; x_wconf 76' lang='lat' dir='ltr'>ex</span> <span class='ocrx_word' id='word_1_129' title='bbox 467 1936 581 1961; x_wconf 85' lang='lat' dir='ltr'>manu</span> <span class='ocrx_word' id='word_1_130' title='bbox 594 1922 869 1973; x_wconf 70' lang='lat' dir='ltr'>manubrium]</span> 
     </span>
     <span class='ocr_line' id='line_1_24' title="bbox 115 1986 869 2025; baseline 0 -1"><span class='ocrx_word' id='word_1_131' title='bbox 115 1987 289 2025; x_wconf 90' lang='lat' dir='ltr'>Furibus</span> <span class='ocrx_word' id='word_1_132' title='bbox 295 1987 538 2025; x_wconf 85' lang='lat' dir='ltr'>occasionem</span> <span class='ocrx_word' id='word_1_133' title='bbox 544 1986 771 2025; x_wconf 89' lang='lat' dir='ltr'>inveniendi</span> <span class='ocrx_word' id='word_1_134' title='bbox 782 1986 869 2024; x_wconf 87' lang='lat' dir='ltr'>the-</span> 
     </span>
     <span class='ocr_line' id='line_1_25' title="bbox 114 2050 868 2102; baseline -0.001 -15"><span class='ocrx_word' id='word_1_135' title='bbox 114 2063 274 2088; x_wconf 86' lang='lat' dir='ltr'>saurum</span> <span class='ocrx_word' id='word_1_136' title='bbox 291 2051 493 2102; x_wconf 86' lang='lat' dir='ltr'>praeripui.</span> <span class='ocrx_word' id='word_1_137' title='bbox 531 2050 697 2088; x_wconf 49' lang='lat' dir='ltr'>Trunm.</span> <span class='ocrx_word' id='word_1_138' title='bbox 735 2051 757 2063; x_wconf 83' lang='lat'>&#39;⁹</span> <span class='ocrx_word' id='word_1_139' title='bbox 771 2050 868 2087; x_wconf 86' lang='lat' dir='ltr'>Exi-</span> 
     </span>
     <span class='ocr_line' id='line_1_26' title="bbox 114 2115 869 2160; baseline 0.001 -8"><span class='ocrx_word' id='word_1_140' title='bbox 114 2127 220 2153; x_wconf 90' lang='lat' dir='ltr'>mere</span> <span class='ocrx_word' id='word_1_141' title='bbox 261 2128 284 2152; x_wconf 89' lang='lat' dir='ltr'>e</span> <span class='ocrx_word' id='word_1_142' title='bbox 322 2128 443 2153; x_wconf 89' lang='lat' dir='ltr'>manu</span> <span class='ocrx_word' id='word_1_143' title='bbox 481 2115 777 2160; x_wconf 87' lang='lat' dir='ltr'>manubrium,“</span> <span class='ocrx_word' id='word_1_144' title='bbox 814 2116 869 2153; x_wconf 89' lang='lat' dir='ltr'>ait</span> 
     </span>
     <span class='ocr_line' id='line_1_27' title="bbox 115 2178 867 2230; baseline 0 -14"><span class='ocrx_word' id='word_1_145' title='bbox 115 2178 302 2216; x_wconf 87' lang='lat' dir='ltr'>Erasmus</span> <span class='ocrx_word' id='word_1_146' title='bbox 312 2179 354 2216; x_wconf 92' lang='lat' dir='ltr'>in</span> <span class='ocrx_word' id='word_1_147' title='bbox 364 2178 521 2230; x_wconf 81' lang='lat' dir='ltr'>Adagg.</span> <span class='ocrx_word' id='word_1_148' title='bbox 543 2180 566 2193; x_wconf 93' lang='lat'><strong>”</strong></span> <span class='ocrx_word' id='word_1_149' title='bbox 580 2179 742 2216; x_wconf 82' lang='lat' dir='ltr'>Plautus</span> <span class='ocrx_word' id='word_1_150' title='bbox 753 2178 867 2223; x_wconf 77' lang='lat' dir='ltr'>dixit,</span> 
     </span>
     <span class='ocr_line' id='line_1_28' title="bbox 112 2243 867 2295; baseline 0.001 -15"><span class='ocrx_word' id='word_1_151' title='bbox 112 2256 188 2294; x_wconf 86' lang='lat' dir='ltr'>pro</span> <span class='ocrx_word' id='word_1_152' title='bbox 204 2257 251 2281; x_wconf 90' lang='lat' dir='ltr'>eo</span> <span class='ocrx_word' id='word_1_153' title='bbox 270 2243 378 2294; x_wconf 89' lang='lat' dir='ltr'>quod</span> <span class='ocrx_word' id='word_1_154' title='bbox 391 2250 462 2289; x_wconf 89' lang='lat' dir='ltr'>est,</span> <span class='ocrx_word' id='word_1_155' title='bbox 475 2245 559 2295; x_wconf 86' lang='lat' dir='ltr'>jam</span> <span class='ocrx_word' id='word_1_156' title='bbox 571 2244 725 2295; x_wconf 86' lang='lat' dir='ltr'>paranti</span> <span class='ocrx_word' id='word_1_157' title='bbox 738 2244 867 2282; x_wconf 86' lang='lat' dir='ltr'>facere</span> 
     </span>
     <span class='ocr_line' id='line_1_29' title="bbox 114 2308 866 2360; baseline 0.001 -14"><span class='ocrx_word' id='word_1_158' title='bbox 114 2308 333 2359; x_wconf 86' lang='lat' dir='ltr'>quippiam,</span> <span class='ocrx_word' id='word_1_159' title='bbox 349 2314 569 2360; x_wconf 67' lang='lat' dir='ltr'>extorquere</span> <span class='ocrx_word' id='word_1_160' title='bbox 577 2308 866 2360; x_wconf 82' lang='lat' dir='ltr'>peragendifa-</span> 
     </span>
     <span class='ocr_line' id='line_1_30' title="bbox 112 2370 865 2416; baseline 0 -8"><span class='ocrx_word' id='word_1_161' title='bbox 112 2370 297 2409; x_wconf 76' lang='lat' dir='ltr'>cultatem.</span> <span class='ocrx_word' id='word_1_162' title='bbox 354 2372 607 2410; x_wconf 88' lang='lat' dir='ltr'>Translatum</span> <span class='ocrx_word' id='word_1_163' title='bbox 634 2372 684 2409; x_wconf 90' lang='lat' dir='ltr'>ab</span> <span class='ocrx_word' id='word_1_164' title='bbox 712 2385 772 2416; x_wconf 90' lang='lat' dir='ltr'>eo,</span> <span class='ocrx_word' id='word_1_165' title='bbox 801 2371 865 2409; x_wconf 89' lang='lat' dir='ltr'>cui</span> 
     </span>
     <span class='ocr_line' id='line_1_31' title="bbox 108 2433 864 2486; baseline 0 -14"><span class='ocrx_word' id='word_1_166' title='bbox 108 2433 193 2484; x_wconf 83' lang='lat' dir='ltr'>jam</span> <span class='ocrx_word' id='word_1_167' title='bbox 210 2434 365 2472; x_wconf 86' lang='lat' dir='ltr'>vibrato</span> <span class='ocrx_word' id='word_1_168' title='bbox 381 2434 516 2485; x_wconf 87' lang='lat' dir='ltr'>gladio</span> <span class='ocrx_word' id='word_1_169' title='bbox 532 2447 781 2486; x_wconf 89' lang='lat' dir='ltr'>percussuro,</span> <span class='ocrx_word' id='word_1_170' title='bbox 803 2447 864 2472; x_wconf 86' lang='lat' dir='ltr'>re-</span> 
     </span>
     <span class='ocr_line' id='line_1_32' title="bbox 111 2496 864 2547; baseline 0.001 -15"><span class='ocrx_word' id='word_1_171' title='bbox 111 2502 231 2546; x_wconf 90' lang='lat' dir='ltr'>pente</span> <span class='ocrx_word' id='word_1_172' title='bbox 262 2496 425 2547; x_wconf 85' lang='lat' dir='ltr'>capulus</span> <span class='ocrx_word' id='word_1_173' title='bbox 454 2497 652 2535; x_wconf 82' lang='lat' dir='ltr'>excutitur</span> <span class='ocrx_word' id='word_1_174' title='bbox 682 2510 705 2534; x_wconf 89' lang='lat' dir='ltr'>e</span> <span class='ocrx_word' id='word_1_175' title='bbox 740 2496 864 2533; x_wconf 88' lang='lat' dir='ltr'>mani-</span> 
     </span>
     <span class='ocr_line' id='line_1_33' title="bbox 112 2559 868 2611; baseline 0.001 -15"><span class='ocrx_word' id='word_1_176' title='bbox 112 2559 230 2596; x_wconf 84' lang='lat' dir='ltr'>bus.“</span> <span class='ocrx_word' id='word_1_177' title='bbox 259 2559 519 2598; x_wconf 89' lang='lat' dir='ltr'>Proverbium</span> <span class='ocrx_word' id='word_1_178' title='bbox 531 2561 665 2611; x_wconf 86' lang='lat' dir='ltr'>itaque</span> <span class='ocrx_word' id='word_1_179' title='bbox 676 2567 748 2604; x_wconf 90' lang='lat' dir='ltr'>est,</span> <span class='ocrx_word' id='word_1_180' title='bbox 759 2559 868 2611; x_wconf 91' lang='lat' dir='ltr'>quod</span> 
     </span>
     <span class='ocr_line' id='line_1_34' title="bbox 115 2622 868 2672; baseline 0.001 -13"><span class='ocrx_word' id='word_1_181' title='bbox 115 2622 322 2672; x_wconf 81' lang='lat' dir='ltr'>significat,</span> <span class='ocrx_word' id='word_1_182' title='bbox 343 2624 509 2662; x_wconf 75' lang='lat' dir='ltr'>adimere</span> <span class='ocrx_word' id='word_1_183' title='bbox 525 2622 754 2662; x_wconf 78' lang='lat' dir='ltr'>occasionem</span> <span class='ocrx_word' id='word_1_184' title='bbox 773 2623 868 2660; x_wconf 80' lang='lat' dir='ltr'>male</span> 
     </span>
     <span class='ocr_line' id='line_1_35' title="bbox 99 2684 865 2739; baseline 0.003 -17"><span class='ocrx_word' id='word_1_185' title='bbox 99 2684 280 2736; x_wconf 82' lang='lat' dir='ltr'>faciendi</span> <span class='ocrx_word' id='word_1_186' title='bbox 285 2700 303 2728; x_wconf 92' lang='lat'><em>;</em></span> <span class='ocrx_word' id='word_1_187' title='bbox 348 2687 409 2736; x_wconf 86' lang='lat' dir='ltr'>(to</span> <span class='ocrx_word' id='word_1_188' title='bbox 442 2694 609 2739; x_wconf 88' lang='lat' dir='ltr'>prevent</span> <span class='ocrx_word' id='word_1_189' title='bbox 619 2702 632 2733; x_wconf 69' lang='grc' dir='ltr'><strong><em>ς</em></strong></span> <span class='ocrx_word' id='word_1_190' title='bbox 674 2686 819 2724; x_wconf 87' lang='lat' dir='ltr'>disarm</span> <span class='ocrx_word' id='word_1_191' title='bbox 832 2689 865 2737; x_wconf 90' lang='lat'>;)</span> 
     </span>
     <span class='ocr_line' id='line_1_36' title="bbox 114 2747 835 2794; baseline 0.001 -10"><span class='ocrx_word' id='word_1_192' title='bbox 114 2747 176 2784; x_wconf 88' lang='lat' dir='ltr'>cui</span> <span class='ocrx_word' id='word_1_193' title='bbox 206 2749 445 2787; x_wconf 83' lang='lat' dir='ltr'>contrarium</span> <span class='ocrx_word' id='word_1_194' title='bbox 472 2757 543 2794; x_wconf 87' lang='lat' dir='ltr'>est,</span> <span class='ocrx_word' id='word_1_195' title='bbox 572 2763 703 2788; x_wconf 79' lang='lat' dir='ltr'>ansam</span> <span class='ocrx_word' id='word_1_196' title='bbox 732 2748 835 2787; x_wconf 85' lang='lat' dir='ltr'>dare.</span> 
     </span>
    </p>
   </div>
   <div class='ocr_carea' id='block_1_11' title="bbox 931 1188 1693 2250">
    <p class='ocr_par' dir='ltr' id='par_1_11' title="bbox 931 1188 1693 2250">
     <span class='ocr_line' id='line_1_37' title="bbox 987 1188 1692 1241; baseline 0 -14"><span class='ocrx_word' id='word_1_197' title='bbox 987 1188 1075 1227; x_wconf 79' lang='lat'><strong>426.</strong></span> <span class='ocrx_word' id='word_1_198' title='bbox 1131 1189 1252 1227; x_wconf 85' lang='lat' dir='ltr'>Facta</span> <span class='ocrx_word' id='word_1_199' title='bbox 1280 1194 1336 1226; x_wconf 77' lang='lat' dir='ltr'>est</span> <span class='ocrx_word' id='word_1_200' title='bbox 1359 1203 1494 1240; x_wconf 80' lang='lat' dir='ltr'>pugna</span> <span class='ocrx_word' id='word_1_201' title='bbox 1522 1190 1561 1226; x_wconf 83' lang='lat' dir='ltr'>in</span> <span class='ocrx_word' id='word_1_202' title='bbox 1586 1189 1692 1241; x_wconf 81' lang='lat' dir='ltr'>gallo</span> 
     </span>
     <span class='ocr_line' id='line_1_38' title="bbox 931 1249 1692 1302; baseline 0.001 -14"><span class='ocrx_word' id='word_1_203' title='bbox 931 1249 1183 1302; x_wconf 69' lang='lat' dir='ltr'>gallinacea]</span> <span class='ocrx_word' id='word_1_204' title='bbox 1239 1250 1282 1287; x_wconf 91' lang='lat' dir='ltr'>‘I</span> <span class='ocrx_word' id='word_1_205' title='bbox 1314 1250 1394 1289; x_wconf 91' lang='lat' dir='ltr'>had</span> <span class='ocrx_word' id='word_1_206' title='bbox 1420 1265 1444 1289; x_wconf 89' lang='lat' dir='ltr'>a</span> <span class='ocrx_word' id='word_1_207' title='bbox 1471 1251 1587 1290; x_wconf 86' lang='lat' dir='ltr'>fierce</span> <span class='ocrx_word' id='word_1_208' title='bbox 1612 1251 1692 1289; x_wconf 83' lang='lat' dir='ltr'>and</span> 
     </span>
     <span class='ocr_line' id='line_1_39' title="bbox 934 1313 1692 1366; baseline 0.003 -16"><span class='ocrx_word' id='word_1_209' title='bbox 934 1313 1082 1364; x_wconf 86' lang='lat' dir='ltr'>bloody</span> <span class='ocrx_word' id='word_1_210' title='bbox 1110 1321 1374 1364; x_wconf 86' lang='lat' dir='ltr'>engagement</span> <span class='ocrx_word' id='word_1_211' title='bbox 1393 1313 1490 1352; x_wconf 85' lang='lat' dir='ltr'>with</span> <span class='ocrx_word' id='word_1_212' title='bbox 1514 1329 1539 1352; x_wconf 90' lang='lat' dir='ltr'>a</span> <span class='ocrx_word' id='word_1_213' title='bbox 1561 1314 1692 1366; x_wconf 85' lang='lat' dir='ltr'>dung-</span> 
     </span>
     <span class='ocr_line' id='line_1_40' title="bbox 935 1375 1691 1429; baseline 0.005 -17"><span class='ocrx_word' id='word_1_214' title='bbox 935 1375 1006 1413; x_wconf 88' lang='lat' dir='ltr'>hill</span> <span class='ocrx_word' id='word_1_215' title='bbox 1037 1376 1158 1414; x_wconf 86' lang='lat' dir='ltr'>cock.’</span> <span class='ocrx_word' id='word_1_216' title='bbox 1213 1377 1335 1415; x_wconf 91' lang='lat' dir='ltr'>Hunc</span> <span class='ocrx_word' id='word_1_217' title='bbox 1369 1377 1500 1415; x_wconf 87' lang='lat' dir='ltr'>locum</span> <span class='ocrx_word' id='word_1_218' title='bbox 1529 1385 1691 1429; x_wconf 81' lang='lat' dir='ltr'>praeter-</span> 
     </span>
     <span class='ocr_line' id='line_1_41' title="bbox 936 1440 1693 1492; baseline 0.003 -15"><span class='ocrx_word' id='word_1_219' title='bbox 936 1441 1129 1478; x_wconf 86' lang='lat' dir='ltr'>miserunt</span> <span class='ocrx_word' id='word_1_220' title='bbox 1164 1440 1342 1491; x_wconf 77' lang='lat' dir='ltr'>Interpp.</span> <span class='ocrx_word' id='word_1_221' title='bbox 1374 1448 1563 1492; x_wconf 80' lang='lat' dir='ltr'>tanquam</span> <span class='ocrx_word' id='word_1_222' title='bbox 1592 1441 1693 1479; x_wconf 84' lang='lat' dir='ltr'>nihil</span> 
     </span>
     <span class='ocr_line' id='line_1_42' title="bbox 938 1504 1690 1556; baseline 0.005 -15"><span class='ocrx_word' id='word_1_223' title='bbox 938 1504 1264 1543; x_wconf 79' lang='lat' dir='ltr'>commentatione</span> <span class='ocrx_word' id='word_1_224' title='bbox 1277 1512 1460 1556; x_wconf 88' lang='lat' dir='ltr'>egentem</span> <span class='ocrx_word' id='word_1_225' title='bbox 1466 1521 1480 1551; x_wconf 88' lang='lat'>;</span> <span class='ocrx_word' id='word_1_226' title='bbox 1510 1506 1608 1544; x_wconf 88' lang='lat' dir='ltr'>mihi</span> <span class='ocrx_word' id='word_1_227' title='bbox 1623 1520 1690 1545; x_wconf 88' lang='lat' dir='ltr'>au-</span> 
     </span>
     <span class='ocr_line' id='line_1_43' title="bbox 937 1567 1691 1612; baseline 0.005 -8"><span class='ocrx_word' id='word_1_228' title='bbox 937 1575 1030 1612; x_wconf 87' lang='lat' dir='ltr'>tem,</span> <span class='ocrx_word' id='word_1_229' title='bbox 1058 1568 1195 1612; x_wconf 87' lang='lat' dir='ltr'>fateor,</span> <span class='ocrx_word' id='word_1_230' title='bbox 1215 1567 1278 1606; x_wconf 88' lang='lat' dir='ltr'>vel</span> <span class='ocrx_word' id='word_1_231' title='bbox 1295 1568 1504 1606; x_wconf 88' lang='lat' dir='ltr'>minimum</span> <span class='ocrx_word' id='word_1_232' title='bbox 1523 1570 1613 1608; x_wconf 88' lang='lat' dir='ltr'>salis</span> <span class='ocrx_word' id='word_1_233' title='bbox 1630 1570 1691 1607; x_wconf 87' lang='lat' dir='ltr'>in·</span> 
     </span>
     <span class='ocr_line' id='line_1_44' title="bbox 938 1630 1693 1677; baseline 0.004 -9"><span class='ocrx_word' id='word_1_234' title='bbox 938 1644 1022 1669; x_wconf 89' lang='lat' dir='ltr'>esse</span> <span class='ocrx_word' id='word_1_235' title='bbox 1051 1630 1243 1669; x_wconf 86' lang='lat' dir='ltr'>sententia</span> <span class='ocrx_word' id='word_1_236' title='bbox 1271 1631 1441 1677; x_wconf 87' lang='lat' dir='ltr'>videtur,</span> <span class='ocrx_word' id='word_1_237' title='bbox 1471 1632 1547 1674; x_wconf 89' lang='lat' dir='ltr'>nisi</span> <span class='ocrx_word' id='word_1_238' title='bbox 1573 1632 1693 1671; x_wconf 84' lang='lat' dir='ltr'>lateat</span> 
     </span>
     <span class='ocr_line' id='line_1_45' title="bbox 938 1694 1691 1745; baseline 0.004 -14"><span class='ocrx_word' id='word_1_239' title='bbox 938 1707 1075 1732; x_wconf 87' lang='lat' dir='ltr'>sensus</span> <span class='ocrx_word' id='word_1_240' title='bbox 1092 1694 1236 1745; x_wconf 85' lang='lat' dir='ltr'>aliquis</span> <span class='ocrx_word' id='word_1_241' title='bbox 1253 1694 1367 1732; x_wconf 92' lang='lat' dir='ltr'>nobis</span> <span class='ocrx_word' id='word_1_242' title='bbox 1388 1694 1496 1732; x_wconf 86' lang='lat' dir='ltr'>haud</span> <span class='ocrx_word' id='word_1_243' title='bbox 1514 1696 1605 1734; x_wconf 89' lang='lat' dir='ltr'>satis</span> <span class='ocrx_word' id='word_1_244' title='bbox 1623 1709 1691 1734; x_wconf 89' lang='lat' dir='ltr'>ex-</span> 
     </span>
     <span class='ocr_line' id='line_1_46' title="bbox 936 1755 1692 1807; baseline 0.005 -14"><span class='ocrx_word' id='word_1_245' title='bbox 936 1756 1107 1807; x_wconf 89' lang='lat' dir='ltr'>plicitus.</span> <span class='ocrx_word' id='word_1_246' title='bbox 1161 1755 1386 1794; x_wconf 76' lang='lat' dir='ltr'>Verisimile</span> <span class='ocrx_word' id='word_1_247' title='bbox 1403 1765 1463 1794; x_wconf 90' lang='lat' dir='ltr'>est</span> <span class='ocrx_word' id='word_1_248' title='bbox 1480 1756 1541 1795; x_wconf 88' lang='lat' dir='ltr'>his</span> <span class='ocrx_word' id='word_1_249' title='bbox 1560 1758 1692 1797; x_wconf 84' lang='lat' dir='ltr'>verbis</span> 
     </span>
     <span class='ocr_line' id='line_1_47' title="bbox 935 1818 1692 1869; baseline 0.007 -14"><span class='ocrx_word' id='word_1_250' title='bbox 935 1818 1236 1869; x_wconf 86' lang='lat' dir='ltr'>proverbialiter</span> <span class='ocrx_word' id='word_1_251' title='bbox 1258 1819 1428 1857; x_wconf 90' lang='lat' dir='ltr'>allusum</span> <span class='ocrx_word' id='word_1_252' title='bbox 1446 1833 1530 1858; x_wconf 84' lang='lat' dir='ltr'>esse</span> <span class='ocrx_word' id='word_1_253' title='bbox 1551 1821 1603 1858; x_wconf 89' lang='lat' dir='ltr'>ad</span> <span class='ocrx_word' id='word_1_254' title='bbox 1625 1835 1692 1860; x_wconf 88' lang='lat' dir='ltr'>eos</span> 
     </span>
     <span class='ocr_line' id='line_1_48' title="bbox 937 1882 1690 1933; baseline 0.005 -14"><span class='ocrx_word' id='word_1_255' title='bbox 937 1882 1006 1932; x_wconf 90' lang='lat' dir='ltr'>qui</span> <span class='ocrx_word' id='word_1_256' title='bbox 1029 1882 1146 1919; x_wconf 86' lang='lat' dir='ltr'>nimis</span> <span class='ocrx_word' id='word_1_257' title='bbox 1163 1882 1305 1933; x_wconf 85' lang='lat' dir='ltr'>prolixi</span> <span class='ocrx_word' id='word_1_258' title='bbox 1328 1890 1367 1921; x_wconf 86' lang='lat' dir='ltr'>et</span> <span class='ocrx_word' id='word_1_259' title='bbox 1389 1884 1514 1921; x_wconf 90' lang='lat' dir='ltr'>odiosi</span> <span class='ocrx_word' id='word_1_260' title='bbox 1537 1891 1630 1922; x_wconf 88' lang='lat' dir='ltr'>sunt</span> <span class='ocrx_word' id='word_1_261' title='bbox 1647 1885 1690 1923; x_wconf 89' lang='lat' dir='ltr'>in</span> 
     </span>
     <span class='ocr_line' id='line_1_49' title="bbox 935 1944 1688 1999; baseline 0.007 -18"><span class='ocrx_word' id='word_1_262' title='bbox 935 1958 979 1982; x_wconf 90' lang='lat' dir='ltr'>re</span> <span class='ocrx_word' id='word_1_263' title='bbox 1004 1944 1112 1982; x_wconf 91' lang='lat' dir='ltr'>haud</span> <span class='ocrx_word' id='word_1_264' title='bbox 1134 1946 1226 1983; x_wconf 90' lang='lat' dir='ltr'>satis</span> <span class='ocrx_word' id='word_1_265' title='bbox 1252 1945 1374 1996; x_wconf 83' lang='lat' dir='ltr'>digna</span> <span class='ocrx_word' id='word_1_266' title='bbox 1398 1954 1571 1992; x_wconf 85' lang='lat' dir='ltr'>narratu,</span> <span class='ocrx_word' id='word_1_267' title='bbox 1600 1948 1688 1999; x_wconf 88' lang='lat' dir='ltr'>qui—</span> 
     </span>
     <span class='ocr_line' id='line_1_50' title="bbox 937 2009 1688 2059; baseline 0.005 -14"><span class='ocrx_word' id='word_1_268' title='bbox 937 2021 1015 2058; x_wconf 90' lang='lat' dir='ltr'>que</span> <span class='ocrx_word' id='word_1_269' title='bbox 1039 2022 1165 2059; x_wconf 87' lang='lat' dir='ltr'>usque</span> <span class='ocrx_word' id='word_1_270' title='bbox 1186 2009 1236 2047; x_wconf 88' lang='lat' dir='ltr'>ad</span> <span class='ocrx_word' id='word_1_271' title='bbox 1255 2022 1441 2047; x_wconf 87' lang='lat' dir='ltr'>nauseam</span> <span class='ocrx_word' id='word_1_272' title='bbox 1462 2011 1688 2049; x_wconf 82' lang='lat' dir='ltr'>auditorum</span> 
     </span>
     <span class='ocr_line' id='line_1_51' title="bbox 935 2073 1687 2123; baseline 0.005 -15"><span class='ocrx_word' id='word_1_273' title='bbox 935 2084 1049 2109; x_wconf 87' lang='lat' dir='ltr'>aures</span> <span class='ocrx_word' id='word_1_274' title='bbox 1066 2073 1184 2123; x_wconf 86' lang='lat' dir='ltr'>nugis</span> <span class='ocrx_word' id='word_1_275' title='bbox 1203 2073 1283 2110; x_wconf 91' lang='lat' dir='ltr'>suis</span> <span class='ocrx_word' id='word_1_276' title='bbox 1301 2073 1561 2112; x_wconf 81' lang='lat' dir='ltr'>contundunt.</span> <span class='ocrx_word' id='word_1_277' title='bbox 1604 2076 1687 2112; x_wconf 86' lang='lat' dir='ltr'>An-</span> 
     </span>
     <span class='ocr_line' id='line_1_52' title="bbox 934 2134 1691 2184; baseline 0.005 -13"><span class='ocrx_word' id='word_1_278' title='bbox 934 2134 1037 2184; x_wconf 89' lang='lat' dir='ltr'>glice</span> <span class='ocrx_word' id='word_1_279' title='bbox 1068 2135 1214 2174; x_wconf 88' lang='lat' dir='ltr'>dicitur</span> <span class='ocrx_word' id='word_1_280' title='bbox 1239 2136 1281 2173; x_wconf 88' lang='lat' dir='ltr'>in</span> <span class='ocrx_word' id='word_1_281' title='bbox 1308 2150 1352 2174; x_wconf 90' lang='lat' dir='ltr'>re</span> <span class='ocrx_word' id='word_1_282' title='bbox 1383 2137 1512 2181; x_wconf 89' lang='lat' dir='ltr'>simili,</span> <span class='ocrx_word' id='word_1_283' title='bbox 1547 2136 1603 2175; x_wconf 90' lang='lat' dir='ltr'>To</span> <span class='ocrx_word' id='word_1_284' title='bbox 1625 2137 1691 2175; x_wconf 82' lang='lat' dir='ltr'>tell</span> 
     </span>
     <span class='ocr_line' id='line_1_53' title="bbox 934 2197 1437 2250; baseline 0.004 -17"><span class='ocrx_word' id='word_1_285' title='bbox 934 2209 958 2232; x_wconf 89' lang='grc' dir='ltr'><em>α</em></span> <span class='ocrx_word' id='word_1_286' title='bbox 979 2197 1067 2234; x_wconf 81' lang='lat' dir='ltr'>cock</span> <span class='ocrx_word' id='word_1_287' title='bbox 1086 2197 1165 2234; x_wconf 86' lang='lat' dir='ltr'>and</span> <span class='ocrx_word' id='word_1_288' title='bbox 1184 2212 1208 2235; x_wconf 87' lang='lat' dir='ltr'>a</span> <span class='ocrx_word' id='word_1_289' title='bbox 1228 2197 1308 2235; x_wconf 75' lang='lat' dir='ltr'>hall</span> <span class='ocrx_word' id='word_1_290' title='bbox 1322 2203 1437 2250; x_wconf 78' lang='lat' dir='ltr'>story.</span> 
     </span>
    </p>
   </div>
   <div class='ocr_carea' id='block_1_12' title="bbox 933 2301 1687 2480">
    <p class='ocr_par' dir='ltr' id='par_1_12' title="bbox 933 2301 1687 2480">
     <span class='ocr_line' id='line_1_54' title="bbox 986 2301 1686 2343; baseline 0.004 -5"><span class='ocrx_word' id='word_1_291' title='bbox 986 2305 1073 2339; x_wconf 78' lang='lat'><strong>428.</strong></span> <span class='ocrx_word' id='word_1_292' title='bbox 1138 2301 1240 2343; x_wconf 79' lang='lat' dir='ltr'>Quin</span> <span class='ocrx_word' id='word_1_293' title='bbox 1272 2302 1473 2341; x_wconf 77' lang='lat' dir='ltr'>consistam</span> <span class='ocrx_word' id='word_1_294' title='bbox 1509 2308 1543 2340; x_wconf 79' lang='lat' dir='ltr'>et</span> <span class='ocrx_word' id='word_1_295' title='bbox 1577 2303 1686 2341; x_wconf 83' lang='lat' dir='ltr'>collo-</span> 
     </span>
     <span class='ocr_line' id='line_1_55' title="bbox 934 2366 1687 2418; baseline 0.004 -17"><span class='ocrx_word' id='word_1_296' title='bbox 934 2366 1068 2417; x_wconf 67' lang='lat' dir='ltr'>quar]</span> <span class='ocrx_word' id='word_1_297' title='bbox 1134 2367 1237 2404; x_wconf 88' lang='lat' dir='ltr'>‘But</span> <span class='ocrx_word' id='word_1_298' title='bbox 1279 2367 1297 2404; x_wconf 95' lang='lat'>1</span> <span class='ocrx_word' id='word_1_299' title='bbox 1340 2373 1447 2404; x_wconf 87' lang='lat' dir='ltr'>must</span> <span class='ocrx_word' id='word_1_300' title='bbox 1483 2373 1571 2418; x_wconf 91' lang='lat' dir='ltr'>stop</span> <span class='ocrx_word' id='word_1_301' title='bbox 1608 2367 1687 2405; x_wconf 89' lang='lat' dir='ltr'>and</span> 
     </span>
     <span class='ocr_line' id='line_1_56' title="bbox 933 2427 1686 2480; baseline 0.005 -16"><span class='ocrx_word' id='word_1_302' title='bbox 933 2427 1016 2465; x_wconf 81' lang='lat' dir='ltr'>talk</span> <span class='ocrx_word' id='word_1_303' title='bbox 1041 2429 1138 2467; x_wconf 83' lang='lat' dir='ltr'>with</span> <span class='ocrx_word' id='word_1_304' title='bbox 1160 2429 1268 2467; x_wconf 86' lang='lat' dir='ltr'>him.&#39;</span> <span class='ocrx_word' id='word_1_305' title='bbox 1322 2429 1424 2468; x_wconf 89' lang='lat' dir='ltr'>Vide</span> <span class='ocrx_word' id='word_1_306' title='bbox 1449 2429 1546 2480; x_wconf 90' lang='lat' dir='ltr'>quid</span> <span class='ocrx_word' id='word_1_307' title='bbox 1569 2429 1621 2467; x_wconf 87' lang='lat' dir='ltr'>sit</span> <span class='ocrx_word' id='word_1_308' title='bbox 1637 2443 1686 2468; x_wconf 87' lang='lat' dir='ltr'>ex</span> 
     </span>
    </p>
   </div>
   <div class='ocr_carea' id='block_1_13' title="bbox 928 2490 1688 2786">
    <p class='ocr_par' dir='ltr' id='par_1_13' title="bbox 928 2490 1688 2786">
     <span class='ocr_line' id='line_1_57' title="bbox 931 2490 1686 2536; baseline 0.004 -9"><span class='ocrx_word' id='word_1_309' title='bbox 931 2490 1050 2528; x_wconf 86' lang='lat' dir='ltr'>asinis</span> <span class='ocrx_word' id='word_1_310' title='bbox 1075 2491 1126 2528; x_wconf 91' lang='lat' dir='ltr'>ad</span> <span class='ocrx_word' id='word_1_311' title='bbox 1149 2492 1271 2529; x_wconf 90' lang='lat' dir='ltr'>boves</span> <span class='ocrx_word' id='word_1_312' title='bbox 1293 2498 1558 2529; x_wconf 86' lang='lat' dir='ltr'>transcurrere</span> <span class='ocrx_word' id='word_1_313' title='bbox 1570 2506 1583 2536; x_wconf 87' lang='lat'>;</span> <span class='ocrx_word' id='word_1_314' title='bbox 1608 2499 1686 2530; x_wconf 83' lang='lat' dir='ltr'>sta-</span> 
     </span>
     <span class='ocr_line' id='line_1_58' title="bbox 934 2555 1688 2607; baseline 0.003 -13"><span class='ocrx_word' id='word_1_315' title='bbox 934 2556 1006 2594; x_wconf 92' lang='lat' dir='ltr'>tim</span> <span class='ocrx_word' id='word_1_316' title='bbox 1024 2557 1143 2607; x_wconf 88' lang='lat' dir='ltr'>periit</span> <span class='ocrx_word' id='word_1_317' title='bbox 1159 2556 1342 2602; x_wconf 82' lang='lat' dir='ltr'>libertas3</span> <span class='ocrx_word' id='word_1_318' title='bbox 1362 2555 1506 2594; x_wconf 85' lang='lat' dir='ltr'>desinit</span> <span class='ocrx_word' id='word_1_319' title='bbox 1524 2555 1587 2594; x_wconf 90' lang='lat' dir='ltr'>sui</span> <span class='ocrx_word' id='word_1_320' title='bbox 1604 2569 1688 2596; x_wconf 75' lang='lat' dir='ltr'>esse</span> 
     </span>
     <span class='ocr_line' id='line_1_59' title="bbox 928 2618 1685 2670; baseline -0.001 -12"><span class='ocrx_word' id='word_1_321' title='bbox 928 2619 1031 2670; x_wconf 89' lang='lat' dir='ltr'>juris</span> <span class='ocrx_word' id='word_1_322' title='bbox 1061 2620 1213 2664; x_wconf 89' lang='lat' dir='ltr'>Euclio,</span> <span class='ocrx_word' id='word_1_323' title='bbox 1247 2619 1340 2670; x_wconf 90' lang='lat' dir='ltr'>quia</span> <span class='ocrx_word' id='word_1_324' title='bbox 1366 2631 1457 2656; x_wconf 89' lang='lat' dir='ltr'>cum</span> <span class='ocrx_word' id='word_1_325' title='bbox 1489 2618 1613 2658; x_wconf 82' lang='lat' dir='ltr'>divite</span> <span class='ocrx_word' id='word_1_326' title='bbox 1643 2619 1685 2657; x_wconf 89' lang='lat' dir='ltr'>in</span> 
     </span>
     <span class='ocr_line' id='line_1_60' title="bbox 933 2681 1685 2722; baseline -0.001 0"><span class='ocrx_word' id='word_1_327' title='bbox 933 2683 1197 2722; x_wconf 87' lang='lat' dir='ltr'>conditionem</span> <span class='ocrx_word' id='word_1_328' title='bbox 1239 2681 1477 2720; x_wconf 87' lang='lat' dir='ltr'>matrimonii</span> <span class='ocrx_word' id='word_1_329' title='bbox 1514 2681 1685 2721; x_wconf 86' lang='lat' dir='ltr'>initurus</span> 
     </span>
     <span class='ocr_line' id='line_1_61' title="bbox 929 2755 997 2786; baseline -0.029 0"><span class='ocrx_word' id='word_1_330' title='bbox 929 2755 997 2786; x_wconf 88' lang='lat' dir='ltr'>est.</span> 
     </span>
    </p>
   </div>
  </div>
 </body>
</html>
