1864 3152
627 254 690 295 IN
731 253 1182 296 AULULARIAM.
1576 250 1661 294 165

220 405 288 412 -
362 371 634 432 Carinarii.]
704 377 847 432 Dyers
865 379 916 419 in
939 378 1279 419 manen-colom.
1350 380 1433 429 Qui
1457 379 1584 419 cerina
1601 394 1666 420 co-

139 457 220 498 lore
248 472 426 510 pannum
457 458 655 499 inficiunt.
703 460 740 498 A
769 476 820 497 κα
826 457 914 512 ρός,
946 459 1094 497 Dorice
1123 472 1198 510 pro
1228 458 1374 511 κηρός,
1405 471 1507 497 cera.
1560 457 1668 496 Citat

139 533 282 571 Bom.
316 533 394 572 Ov.
421 535 509 572 Art.
537 534 709 573 Amand.
738 534 816 573 111.
857 539 943 574 184.
997 534 1120 573 “Sua
1147 533 1360 573 velleribus
1386 532 1547 572 nomina
1578 545 1667 570 cera

137 607 284 647 dedit?
339 609 484 647 Noster
509 609 650 656 mne,
673 608 919 654 ''Carinarii,
948 609 1011 647 Ita
1035 609 1140 647 Non.
1159 608 1246 648 566.
1274 607 1366 659 [cit.
1384 608 1426 646 in
1444 620 1530 646 voc.
1545 605 1669 658 flam-

139 692 251 724 meus,
280 680 436 733 supra]
490 680 570 720 Sed
606 679 732 719 Hadr.
767 681 917 720 Junius
946 680 1070 726 malit,
1111 679 1310 726 cerinarii,
1347 687 1393 719 ut
1415 678 1584 719 cerinum
1609 686 1670 718 est

139 752 257 804 Epid.
278 753 335 791 11.
361 758 398 792 2.
426 739 518 799 49.“
543 751 658 804 [226.
687 751 735 789 Β.
772 751 1006 797 “Cer-inum,
1027 758 1097 789 aut
1113 751 1379 803 gerrinum.’']
1432 750 1515 789 Alii
1535 757 1668 789 autem

138 827 278 878 legunt
294 826 491 873 culinarii,
518 827 560 865 in
579 840 660 878 qua
676 839 774 866 voce
797 826 895 865 Cod.
925 826 980 864 H.
997 831 1036 871 2,
1066 826 1109 863 in
1125 839 1250 877 marg.
1304 825 1418 874 ”Qui
1438 826 1481 864 in
1499 827 1670 866 colorem

139 900 250 939 caltoe
268 899 363 951 [seu
381 898 532 944 calthoe,
553 898 640 948 (the
657 897 912 950 marigold.)]
928 896 1144 950 pingunt.“
1197 895 1279 935 Sed
1296 896 1403 936 Vide
1420 897 1463 935 N
1465 904 1534 936 ott.
1553 897 1670 938 Critt.

210 1019 298 1059 465.
366 1013 695 1074 Manulearii]
776 1016 924 1058 Sleeve
966 1015 1148 1056 mab-ers.
1210 1018 1292 1066 Qui
1320 1025 1450 1057 vestes
1475 1018 1671 1059 manulea-

136 1101 199 1134 tas
233 1096 472 1141 conficiunt;
528 1095 631 1134 sicut
678 1094 720 1132 in
767 1093 913 1133 Pseud.
951 1098 1040 1139 739.
1112 1092 1419 1132 “Manuleatam
1459 1093 1671 1132 tunicam.”

138 1170 279 1208 Graece
314 1168 532 1222 χειριδοτόν
562 1182 632 1207 seu
658 1166 972 1220 ἀμφιμάσχαλον,
1001 1167 1126 1206 Arist.
1154 1168 1261 1219 qu.
1289 1172 1377 1214 879.
1404 1167 1537 1206 Schol.
1593 1166 1672 1206 Sed

139 1243 274 1294 paullo
299 1243 413 1281 aliter
439 1242 557 1280 Con:
588 1242 671 1280 Ms:
709 1239 975 1286 '’Manularii,
1009 1240 1091 1288 Qui
1118 1241 1292 1279 manicas
1313 1240 1452 1292 longas
1479 1254 1553 1280 acu
1579 1240 1670 1292 pin·

137 1323 281 1368 gunt.“
333 1317 528 1354 Manuleoe
552 1323 684 1354 autem
708 1321 802 1354 sunt
822 1315 1046 1354 tunicarum
1074 1315 1250 1354 manicae.
1292 1314 1522 1366 Opprobrio
1538 1321 1671 1353 autem

141 1394 219 1431 fuit
245 1393 341 1431 viris
375 1393 550 1431 tunioem
590 1391 843 1430 manutentum
878 1398 1059 1442 gestare;
1089 1391 1202 1429 Conf-
1231 1391 1342 1442 Virg.
1371 1390 1461 1428 AEn.
1481 1390 1555 1428 IX.
1581 1391 1670 1431 616.

140 1470 232 1508 “Et
258 1469 405 1508 tunicae
427 1469 610 1513 manicas,
639 1475 679 1507 et
705 1467 853 1506 habent
878 1466 1111 1506 redimicula
1138 1467 1303 1505 mitrae.'’
1356 1465 1464 1504 Vide
1493 1466 1604 1504 Infra
1629 1465 1671 1504 in

140 1557 178 1582 v.
205 1549 293 1587 475.
322 1543 373 1581 G.

224 1685 291 1692 -—-
367 1648 784 1710 BIUI'Obl'echal'ii]
858 1653 1123 1709 Perfume‘rss.
1203 1658 1239 1696 A
1266 1656 1378 1709 μύρον
1408 1662 1670 1708 unguentum,

137 1747 178 1778 et
202 1737 337 1791 βρέχω
364 1737 463 1788 rigo.
516 1736 631 1784 ”Qui
663 1735 851 1774 odoribus
876 1735 1113 1786 inspergunt
1140 1741 1279 1780 vestes,
1309 1741 1354 1772 ut
1382 1736 1483 1773 bene
1500 1734 1671 1773 oleant-‘⁶

142 1815 245 1852 Con.
265 1813 342 1850 Ms.

212 1927 301 1966 466.
385 1919 601 1984 Propolae
662 1916 935 1977 linteones]
1035 1921 1267 1962 Wkolesale
1332 1921 1667 1975 linen-drapers.

140 2012 160 2024 ''
175 2008 343 2061 Propola
379 2015 440 2046 est
468 2021 492 2045 a
525 2020 598 2058 pro
635 2005 791 2050 Latino,
825 2004 973 2055 (prima
1007 2004 1112 2042 enim
1147 2002 1416 2054 producitur‚)
1454 2010 1495 2041 et
1529 2003 1671 2042 Graeeo

142 2089 286 2130 πωλεῖν,
315 2090 362 2121 ut
387 2083 504 2120 docet
528 2080 703 2131 Soeliger
726 2079 779 2117 ad
804 2078 984 2116 Culicem
1013 2077 1167 2128 Virgil:
1199 2077 1355 2122 Dictus,
1385 2077 1494 2128 quod
1517 2076 1670 2128 primus

141 2159 286 2199 vendat
326 2170 489 2202 merces,
539 2169 637 2207 quas
677 2155 719 2192 in
758 2162 877 2205 portu
923 2150 1078 2205 primu!
1117 2153 1346 2204 anticipat.“
1418 2152 1531 2190 PAR:
1571 2152 1669 2190 Lex.

142 2232 271 2269 Plaut.
300 2229 370 2281 qui
395 2229 490 2267 citat
514 2227 651 2266 Lucil:
683 2226 848 2264 “Sicuti
871 2239 996 2276 quum
1021 2225 1119 2264 ficus
1140 2225 1293 2276 primus
1308 2222 1471 2275 propola
1493 2230 1670 2261 recentes

142 2306 302 2351 Attulit,
331 2312 372 2343 et
399 2303 528 2355 pretio
551 2302 703 2354 ingenti
730 2301 799 2340 dat
826 2301 1003 2352 primitu'
1033 2302 1215 2352 paucos.”
1271 2298 1388 2338 Unde
1415 2306 1579 2350 apparet
1601 2312 1670 2335 vo-

141 2395 228 2421 cem
252 2381 302 2419 de
320 2379 515 2418 industria
534 2385 668 2416 nostro
693 2377 781 2415 loco
798 2376 994 2428 usurpari,
1013 2390 1103 2427 quae
1132 2375 1326 2426 significet
1353 2382 1549 2413 matronas
1576 2375 1670 2413 istas

142 2465 192 2490 ne
218 2451 259 2488 in
286 2449 418 2488 linteis
445 2447 607 2499 quidem
635 2445 909 2497 comparandis
936 2453 1119 2496 sumptus
1145 2444 1336 2482 rationem
1363 2443 1557 2482 habuisse.

225 2600 292 2606 -
368 2564 664 2625 Linteones.]
733 2572 860 2610 Gloss.
888 2571 986 2610 cod.
1017 2572 1070 2609 H.
1098 2577 1133 2609 2.
1189 2570 1304 2617 ”Qui
1339 2570 1490 2609 faciunt
1519 2569 1664 2622 limfa,-

141 2667 267 2705 genus
298 2653 383 2691 h-e.
411 2651 544 2702 panni,
569 2664 649 2701 quo
676 2649 859 2688 mulieres
889 2656 1067 2692 utuntur,
1100 2656 1144 2686 ut
1164 2648 1205 2685 in
1228 2647 1347 2699 Epid.
1367 2647 1508 2700 [223]
1535 2648 1667 2686 “Lin-

142 2729 275 2767 teolum
300 2727 568 2766 caesicium.'¹“
623 2726 728 2764 Con.
751 2726 827 2763 Ms.
857 2724 973 2771 ”Qui
1002 2738 1062 2762 res
1090 2723 1211 2761 lineas
1239 2722 1454 2762 vendunt.“
