1864 3152
682 241 749 282 IN
785 240 1222 286 MENAECHMOS.
1626 247 1711 288 133

259 509 350 542 v.1.
383 502 670 564 Juvnurns]
712 508 806 549 The
819 521 1093 562 youngmen.
1126 511 1391 563 Projuvenes.
1430 510 1582 548 Poenul.
1600 516 1711 555 1037.

186 584 290 622 “Ab
309 586 516 636 juventute
548 589 755 628 irridiculo
788 590 969 629 habitae.''
1019 589 1168 642 Amph.
1196 596 1232 628 2.
1288 589 1548 628 “luventatis
1582 601 1711 629 mores

183 658 254 708 qui
295 660 451 699 sciam?
504 663 605 702 Hor.
633 664 714 716 Ep.
741 665 773 702 Ι.
795 677 845 703 11.
867 671 932 711 29.
998 665 1083 702 “In
1121 671 1212 703 cute
1247 664 1423 703 curanda
1467 664 1559 716 plus
1595 678 1714 716 aequo

182 742 343 784 operata
364 720 589 787 „juven-tus&²
623 741 695 778 &c.
748 739 815 777 Sic
844 744 1060 791 paupertas
1095 752 1170 790 pro
1202 752 1410 790 pauperes,
1455 739 1593 778 Aulul.
1625 739 1709 779 163.

183 807 371 848 Servitute
396 824 471 862 pro
495 812 629 860 servis,
655 812 805 865 Amph.
823 818 886 852 21.

251 938 319 946 ——
381 897 559 974 Fecit]
626 915 757 959 Gave.
811 921 923 959 Infra
943 926 1055 960 1024.
1076 920 1187 960 1026.
1205 934 1280 972 pro
1297 920 1400 958 dedit
1411 935 1430 964 ;
1453 922 1601 960 rariore
1619 936 1708 968 usu,

180 1006 300 1045 quem
329 1001 462 1034 tamen
491 997 600 1049 apud
630 999 801 1050 optimos
832 999 1044 1051 scriptores
1070 1000 1246 1050 reperire
1272 1006 1343 1038 est.
1371 999 1461 1037 Liv.
1498 1001 1587 1038 Lib.
1612 1002 1645 1039 Ι.
1672 1007 1709 1040 3.

178 1073 207 1091 “
217 1068 448 1120 Cognomen
494 1073 583 1111 colli
612 1072 756 1125 fecit.”
807 1074 924 1126 Virg.
951 1074 1002 1112 G.
1028 1074 1061 1112 1.
1093 1079 1179 1117 137.
1232 1079 1260 1095 “
1270 1073 1406 1112 Stellis
1446 1088 1633 1114 numeros
1668 1084 1710 1115 et

177 1142 326 1181 nomina
338 1143 479 1195 fecitl’
517 1146 592 1185 IV.
611 1153 700 1191 271.
751 1148 868 1187 “Cui
888 1161 1017 1187 nomen
1037 1147 1179 1186 amello
1203 1147 1380 1186 Fecere.”
1434 1149 1511 1187 Ov.
1534 1149 1654 1189 Trist.
1675 1151 1707 1189 1.

179 1229 206 1254 1.
228 1222 294 1263 90.
341 1224 374 1241 “
384 1219 521 1258 Icarus
547 1221 686 1260 Icariis
713 1222 863 1260 nomina
874 1222 980 1273 fecit
1006 1222 1155 1273 aquis?
1208 1222 1315 1260 Fast.
1334 1221 1410 1260 VI.
1432 1222 1526 1262 461.
1577 1224 1706 1263 “Sibi

176 1293 325 1332 Brutus
345 1308 566 1346 cognomen
573 1282 717 1348 secit.'’
769 1297 919 1336 Contra
941 1297 1044 1336 dedit
1061 1296 1263 1349 profecit,
1292 1297 1409 1349 Virg.
1428 1297 1520 1337 AEn.
1537 1297 1594 1337 11.
1615 1305 1705 1339 482.

176 1374 201 1389 “
218 1368 426 1419 Ingentem
453 1370 533 1409 lato
558 1371 661 1409 dedit
687 1385 756 1410 ore
781 1373 1030 1411 fenestram.”

246 1498 315 1506 --
373 1468 643 1531 Peniculo-J
705 1479 817 1518 Iusta
830 1484 921 1519 201.
940 1485 1030 1518 300.
1065 1479 1212 1518 Paulus
1229 1479 1271 1517 in
1286 1480 1463 1526 Festum,
1492 1480 1705 1519 '’Penio-uli

173 1556 350 1607 spongiae
385 1556 514 1608 longae
548 1565 713 1610 propter
748 1559 1048 1598 similitudinem
1079 1559 1295 1598 caudarum
1325 1560 1555 1611 appellatae:
1589 1575 1706 1613 penes

172 1632 279 1669 enim
315 1633 558 1671 vocabantur
592 1634 771 1672 eaudae.“
833 1635 883 1672 In
921 1635 1023 1673 Rud.
1050 1641 1140 1681 910,
1173 1635 1293 1687 plane
1328 1643 1389 1674 est
1422 1649 1498 1687 pro
1531 1637 1704 1688 spongia.

172 1712 199 1729 “
214 1706 303 1758 Ego
336 1714 389 1752 te,
424 1707 538 1758 quasi
569 1707 771 1760 peniculus
800 1722 924 1747 novos
955 1710 1141 1761 exurgeri
1169 1710 1280 1755 solet,
1318 1710 1374 1748 Ni
1405 1710 1513 1749 hunc
1540 1711 1704 1758 amittis,

170 1782 384 1832 exurgebO,
417 1782 611 1833 quicquid
639 1783 816 1821 humoris
843 1784 917 1822 tibi
953 1786 1048 1823 est.''
1101 1785 1256 1829 Festus,
1288 1784 1496 1823 ''Peniculi
1522 1787 1574 1824 ab
1598 1786 1704 1824 anti-

171 1856 261 1907 quis
297 1857 552 1902 vocabantur,
589 1857 703 1908 queis
738 1858 991 1896 calciamenta
1020 1865 1240 1908 tergentur,
1273 1859 1382 1908 quod
1413 1873 1435 1897 e
1467 1859 1604 1898 caudis
1631 1874 1700 1899 ex-

169 1931 305 1970 tremis
339 1931 537 1970 faciebant
567 1932 734 1984 antiqui,
772 1934 841 1984 qui
873 1940 1074 1984 tergerent
1104 1947 1170 1971 ea:
1207 1933 1360 1971 dictum
1389 1941 1450 1971 est
1477 1934 1643 1973 forsitan
1677 1950 1702 1974 a

166 2005 401 2057 pmdend0.“
454 2006 533 2044 Sed
559 2014 600 2044 et
626 2007 712 2044 aliis
744 2007 881 2045 usibus
902 2020 1188 2057 nonnunquam
1217 2006 1468 2052 inserviebat,
1499 2007 1610 2059 quod
1636 2009 1699 2047 vel

170 2093 218 2118 ex
238 2079 330 2118 Ter.
350 2079 456 2117 Eun.
473 2080 547 2118 IV.
567 2093 644 2119 vn.
663 2086 698 2125 7.
716 2089 892 2133 apparet,
922 2082 1003 2119 ΤΗ.
1022 2087 1048 2104 “
1060 2081 1279 2120 Peniculon’
1292 2095 1486 2133 pugnare,
1506 2083 1577 2134 qui
1594 2083 1700 2123 istuc

168 2154 248 2193 huc
271 2161 417 2205 porte&
458 2155 635 2206 cogitas?
675 2155 715 2194 S.
740 2156 902 2206 Egone?
937 2156 1184 2207 imperatoris
1215 2156 1404 2194 virtutem
1431 2170 1630 2202 noveram,
1658 2165 1700 2196 et

169 2230 251 2268 vim
285 2229 471 2275 militum,
510 2229 603 2268 Sine
634 2231 825 2281 sanguine
855 2230 931 2269 hoc
962 2231 1046 2269 fieri
1077 2243 1158 2268 non
1171 2244 1311 2282 posse,
1351 2230 1418 2282 qui
1445 2230 1697 2283 abstergerem

169 2305 360 2343 vulnera?
416 2305 567 2343 Notum
593 2311 653 2344 est
682 2304 849 2343 Veteres
883 2305 1041 2357 spongia
1069 2319 1162 2344 usos
1192 2319 1276 2344 esse
1303 2306 1354 2344 ad
1382 2319 1537 2355 mensas
1566 2306 1697 2345 deter-

167 2379 339 2431 gendas:
387 2379 508 2417 Hom.
533 2379 613 2418 Od.
642 2380 734 2417 XX.
764 2385 849 2418 151.
902 2381 953 2417 A:
986 2379 1026 2418 δέ
1059 2379 1298 2427 σπόγγοισι
1340 2379 1534 2432 τραπέζας·
1570 2379 1695 2419 πάσας

164 2452 445 2504 ἀμφιμάσασθε.
500 2454 563 2492 Ex
589 2453 665 2492 hoc
691 2454 814 2492 verbo
839 2454 1033 2492 sumatur
1055 2453 1272 2505 penicillus,
1301 2454 1471 2504 Anglice
1494 2453 1631 2506 peneil.

237 2563 275 2596 2.
336 2548 622 2617 Detergeo]
677 2557 797 2610 Wipe
816 2556 965 2604 clean,·
988 2557 1105 2598 clear
1125 2557 1196 2597 the
1215 2556 1339 2597 table.
1388 2562 1516 2600 Probe
1532 2569 1670 2613 tergeo
1678 2577 1694 2610 ;
1720 2595 1722 2598 .

169 2652 259 2689 quae
274 2646 335 2678 est
353 2639 413 2677 vis
429 2639 719 2691 praepositionis
736 2638 795 2684 de,
823 2646 871 2677 ut
886 2639 930 2677 in
945 2639 1139 2684 demirari,
1166 2638 1303 2690 [Infra
1320 2639 1432 2693 608]
1450 2641 1695 2689 debacchari,

168 2712 359 2758 dealbare,
384 2713 458 2751 ὅτε.
509 2713 660 2752 Eadem
679 2726 776 2752 voce
797 2713 842 2751 in
859 2713 1010 2764 Amph.
1024 2727 1122 2751 usus
1145 2720 1205 2751 est
1222 2726 1340 2751 sensu
1363 2715 1556 2753 consimili
1567 2730 1582 2765 ;
1608 2715 1695 2766 (Sc.

169 2788 271 2834 Quis
287 2794 381 2833 tam,
398 2790 471 2827 διο.
483 2788 564 2840 23.)
590 2794 616 2812 “
627 2789 779 2827 Lances
793 2789 988 2840 detergam
1005 2802 1155 2833 omneS,
1173 2801 1309 2827 omnes
1327 2789 1466 2828 trullas
1477 2790 1692 2835 hauriam?
