1864 3152
697 262 1105 305 AULULARIA.
1640 257 1692 297 11

246 398 368 445 Illuc
403 397 645 462 regredere
680 397 738 443 ab
772 395 914 443 ostio!
950 394 1078 450 illuc,
1114 394 1191 448 sis,
1227 391 1349 447 vide,

245 478 323 526 Ut
358 478 560 526 incedit!
596 476 674 524 At
709 476 822 524 scin'
857 475 1089 540 quomodo
1124 474 1215 522 tibi
1244 490 1317 521 res
1353 490 1400 521 se
1435 472 1615 521 habet?

245 563 295 609 Si
321 561 460 609 hodie
482 561 635 608 hercle
656 560 828 608 fustem
852 576 1015 623 cepero
1036 566 1120 606 aut
1138 557 1387 605 stimulum
1410 557 1462 604 in
1481 572 1696 604 manum:

244 646 588 693 Testudineum
623 645 768 691 istum
804 644 893 691 tibi
926 660 1012 707 ego
1042 641 1272 706 grandibo
1306 640 1531 705 gradum!
1649 651 1697 684 10

115 728 198 775 ST.
246 729 443 775 Utinam
479 739 555 774 'me
589 727 687 774 divi
719 726 917 774 adaxint
951 726 1011 773 ad
1046 725 1350 788 suspendium

245 812 414 858 Potius
447 810 653 874 quidem,
688 827 828 873 quam
863 808 951 857 hoc
984 816 1122 872 pacto
1157 808 1284 872 apud
1315 815 1364 856 te
1396 809 1618 856 serviam!

114 895 213 943 ΕΠ.
245 895 321 943 At
357 904 412 942 ut
444 894 638 942 scelesta
672 893 769 941 sola
804 910 959 940 secum
993 893 1285 940 murmurat!

245 979 421 1026 Oculos
457 978 612 1026 hercle
647 995 733 1042 ego
767 978 897 1033 istos,
934 978 1159 1041 improba,
1194 977 1415 1024 effodiam
1447 978 1565 1025 tibi:

245 1064 322 1112 Ne
358 1081 433 1112 me
468 1065 709 1111 observare
741 1063 904 1126 possis,
940 1061 1055 1125 quid
1089 1078 1242 1109 rerum
1279 1078 1453 1125 geram.
1649 1071 1695 1105 15

244 1149 460 1196 Abscede
478 1148 698 1195 !—-etiam
733 1163 860 1193 nunc
875 1146 1097 1193 !—etiam
1133 1162 1260 1192 nunc
1274 1144 1495 1193 !—etiam
1514 1143 1694 1200 !—ohe,

249 1231 366 1280 Istic
398 1232 585 1279 adesto!
621 1232 660 1278 si
692 1230 847 1278 hercle
882 1237 937 1277 tu
971 1246 1030 1277 ex
1061 1230 1179 1277 istoc
1211 1229 1312 1277 loco

247 1314 479 1378 Digitum
514 1322 829 1361 transvorsum
865 1320 949 1360 aut
982 1329 1191 1376 unguem
1222 1311 1374 1359 latum
1410 1312 1674 1367 excesseris,

247 1396 358 1444 Aut
395 1398 433 1444 si
467 1396 739 1460 respexeris,
776 1395 994 1442 donicum
1032 1411 1118 1459 ego
1153 1401 1201 1442 te
1226 1396 1437 1456 jussero:

251 1480 490 1529 Continuo
522 1479 678 1528 hercle
712 1496 799 1544 ego
833 1487 882 1527 te
917 1478 1089 1527 dedam
1123 1477 1403 1542 discipulam
1438 1480 1578 1527 cruci.
1646 1491 1698 1524 20

248 1563 572 1612 Scelestiorem
607 1580 683 1611 me
713 1562 803 1611 hac
835 1580 930 1610 anu
964 1571 1089 1611 certe
1121 1564 1215 1611 scio

248 1647 442 1694 Vidisse
472 1663 730 1710 nunquam,
765 1646 1000 1710 nimisque
1035 1663 1121 1709 ego
1153 1644 1277 1694 hanc
1309 1653 1471 1695 metuo
1503 1647 1642 1703 male,

178 1798 202 1814 v.
220 1791 243 1814 8.
282 1791 315 1815 Ut
339 1790 447 1818 ineam,
470 1789 508 1814 ita
531 1789 611 1821 plane
635 1796 730 1814 omnes
746 1795 814 1820 quos
831 1788 935 1813 contuli
953 1788 1035 1812 Codd.
1054 1788 1109 1813 Bo:
1132 1794 1167 1812 ex
1191 1795 1266 1813 mera
1282 1790 1438 1820 conjectura
1461 1790 1496 1815 Ut
1512 1790 1589 1815 oedit.
1620 1788 1699 1819 Quod

115 1834 150 1858 ad
170 1833 407 1862 meti-umattinet,
433 1830 1186 1864 Utmmpreoedentivermamteoohaeret;sicl>rol.
1204 1838 1230 1855 v.
1248 1832 1296 1861 21;
1316 1832 1551 1863 Iecumpraeoed.
1569 1832 1700 1857 dianeo—

117 1876 292 1901 heret—9.
311 1877 404 1905 hen-Ie,
421 1876 496 1900 abest
517 1876 551 1900 ab
570 1875 604 1899 Η.
622 1877 644 1899 5.
680 1876 777 1904 Manu,
801 1874 835 1899 Η.
854 1875 876 1898 1.
894 1875 917 1898 3.
940 1881 1000 1905 quae
1016 1873 1097 1898 lectio
1112 1876 1171 1898 orm
1190 1876 1230 1898 oet
1245 1881 1280 1898 ex
1296 1874 1385 1899 forma
1404 1881 1491 1899 manu
1509 1874 1591 1905 (l'mae
1610 1881 1700 1906 super-

117 1918 225 1950 scripta)
245 1926 289 1949 qu.
313 1918 384 1943 valet
401 1925 512 1943 manum
522 1928 532 1944 .·
555 1921 582 1942 et
600 1917 653 1942 hoc
673 1916 754 1942 unice
774 1916 1053 1948 probandum—10.
1071 1915 1114 1940 lta
1131 1916 1228 1947 optimi
1246 1916 1329 1941 Codd.
1347 1917 1419 1948 apud
1439 1917 1555 1949 reliquos
1575 1920 1700 1949 corrupte

116 1959 221 1991 legitur,
239 1961 404 1989 testudinem,
421 1963 468 1985 aut
480 1960 720 1984 intusne—14.
737 1965 781 1990 φο
794 1959 864 1987 istos,
876 1958 915 1982 ita
924 1958 1015 1989 scripti
1028 1964 1130 1987 omnes,
1142 1957 1241 1990 priors
1229 1957 1318 1989 svyll.
1302 1957 1374 1983 vocis
1385 1958 1457 1987 ιἐιω,
1473 1966 1550 1984 more
1560 1959 1697 1989 Plautino,

115 2001 258 2032 corripitur
259 2014 329 2024 .·—
331 2002 366 2025 6.
385 1968 438 2026 ltaa
443 2002 525 2026 codd.
541 2001 594 2026 nisi
609 2001 682 2032 quod
700 2003 866 2032 postremum
882 1999 962 2024 etiam
979 1999 1095 2028 omittat,
1114 1999 1148 2024 Η.
1166 2001 1198 2028 4;
1217 2003 1246 2025 et
1264 2000 1381 2026 alterum
1395 2002 1476 2027 etiam
1491 2009 1574 2032 nune,
1596 2003 1700 2034 perin

115 2044 218 2069 curiam
233 2044 302 2068 absit
316 2045 351 2069 ab
370 2045 401 2068 Α
406 2045 504 2072 —-l7
523 2045 574 2069 Isti
563 2051 596 2073 1,c
615 2050 709 2068 omnes
724 2043 806 2068 Codd.
824 2042 896 2067 male
913 2042 969 2067 Βο.
985 2042 1063 2067 istuc.
1079 2043 1155 2074 pejus
1170 2042 1203 2067 V.
1222 2044 1336 2073 adt-ww,
1358 2044 1442 2075 (quod
1455 2047 1496 2069 est
1511 2045 1592 2076 plane
1606 2044 1697 2076 gloss.)

116 2094 166 2117 pro
180 2086 354 2117 exquisitim,
374 2088 472 2117 ‹id-uo,
489 2087 613 2111 omnium
626 2085 709 2111 codd.
722 2085 844 2110 lectiam.
846 2085 946 2110 —19.
965 2084 1099 2109 ltac0dd.
1112 2085 1336 2116 pronuntianda
1320 2086 1471 2118 rupea‘ns.
1505 2086 1554 2112 Bo.
1570 2093 1697 2118 respau-

117 2135 167 2159 pm
181 2128 317 2157 domi-um,
334 2127 435 2153 habent
449 2129 539 2157 donec,
559 2127 593 2152 Η.
606 2128 630 2151 3.
649 2128 681 2151 A.
702 2126 819 2151 Vind.1.
836 2126 951 2151 etcant.

171 2236 205 2268 8.
245 2231 293 2268 At
305 2230 739 2283 scin'qnomodo,etc.?]
766 2231 873 2269 ‘But
994 2236 1053 2269 18.
1110 2230 1288 2283 Digitum
1307 2233 1606 2285 transvorsum]
1646 2232 1698 2271 Id

119 2295 171 2332 do
198 2309 279 2345 you
307 2296 425 2333 know
454 2295 543 2333 how
571 2304 731 2334 matters
759 2295 873 2333 stand
939 2301 1010 2340 est,
1042 2294 1120 2332 Per
1147 2294 1398 2334 latitudinem
1426 2296 1542 2347 digiti
1570 2303 1697 2335 trans-

119 2359 216 2396 with
234 2373 315 2409 you
327 2361 358 2396 ?'
380 2373 423 2396 or
445 2365 455 2381 ‘
468 2359 510 2396 in
530 2359 636 2397 what
653 2373 677 2396 a
693 2359 872 2411 predica·
940 2357 1054 2396 versi.
1108 2358 1336 2395 COMMENT.
1366 2359 1443 2396 Ms.

119 2429 227 2458 ment
245 2435 326 2472 you
345 2421 500 2459 stand?
555 2421 658 2459 Vide
677 2421 804 2459 Gloss.
992 2436 1054 2470 20,
1110 2430 1195 2482 Ego
1231 2437 1266 2469 te
1297 2431 1431 2470 dedam
1466 2432 1695 2484 discipulam

940 2493 1084 2545 cruci]
1117 2493 1251 2532 Vertit
1269 2494 1439 2545 Inter-pr.
1457 2494 1580 2545 Angl.
1609 2500 1622 2517 ‘
1633 2495 1698 2533 I’ll

942 2558 1037 2597 send
1070 2572 1151 2609 you
1181 2559 1243 2595 for
1275 2573 1298 2596 a
1327 2557 1531 2609 schooling
1559 2565 1601 2596 to
1628 2558 1696 2598 the

941 2622 1128 2673 gallows.’
1196 2622 1355 2660 Faciam
1399 2629 1456 2666 ut,
1502 2621 1696 2673 discipula

942 2685 1051 2724 cruci
1070 2684 1240 2730 addicta,
1267 2698 1474 2736 perversos
1499 2685 1594 2724 istos
1611 2699 1695 2724 mo-

179 2752 236 2784 15.
272 2745 376 2787 Quid
394 2760 519 2784 rerum
532 2748 704 2799 geram]
734 2747 877 2785 ‘What
942 2762 1004 2787 res
1032 2761 1166 2793 exuas,
1198 2756 1239 2786 et
1263 2748 1443 2787 meliores
1471 2748 1545 2787 tibi
1573 2762 1623 2787 ex
1651 2763 1698 2788 ea

124 2810 142 2847 1
164 2823 226 2847 am
246 2810 389 2847 about:
445 2811 551 2848 Men.
569 2816 631 2856 39.
685 2812 797 2850 Infra
815 2817 876 2855 78.
943 2811 1151 2862 disciplina
1177 2810 1328 2849 induas.

175 2529 234 2561 13.
290 2523 339 2560 At
356 2528 395 2560 ut
409 2522 583 2568 scelesta,
606 2523 705 2575 ete]
734 2522 875 2560 ‘Hark

122 2599 211 2623 now
238 2585 329 2623 how
358 2585 425 2624 the
457 2586 523 2623 old
558 2586 638 2637 hag
669 2586 702 2623 is
737 2598 874 2634 grum-

121 2651 235 2700 bling
261 2657 302 2688 to
328 2650 479 2689 herself
481 2652 501 2687 ‚¹
