1864 3152
137 918 173 949 15
188 919 225 949 C.

155 979 207 1000 ιι.

133 1445 169 1475 15
181 1446 225 1476 Α.

118 1505 234 1528 xvnx.

647 265 925 299 RECENSUS
959 265 1224 300 CODICUM.
1637 268 1702 299 XV

282 378 398 408 Aulul.
422 379 497 410 Cas.
523 378 603 410 ciat.
628 379 727 420 Epid.
753 379 847 411 Cure.
899 379 1004 411 Manu
1028 380 1143 412 Italica
1163 387 1195 412 et
1216 381 1350 411 minutis
1372 380 1487 412 litteris
1509 380 1587 411 satis
1608 379 1700 411 lucu-

282 428 367 459 lente
401 430 795 462 acribiam—Scholiasta
824 431 858 461 in
890 431 984 462 initio
1014 431 1243 462 Commentarii
1273 432 1307 462 in
1336 431 1490 472 Captivos
1520 430 1699 462 Dominum

282 477 465 510 Guarinum
494 480 649 518 nominat,
687 480 772 511 unde
806 486 881 511 etas
913 480 983 519 ejus
1015 481 1131 520 conjici
1157 480 1511 522 possit—Subscriptio
1536 480 1613 511 libri
1648 480 1700 511 his

281 529 385 560 verbis
407 530 603 570 concipitur;
631 530 797 561 ”Librum
821 530 907 562 hunc
928 531 1098 562 Canonicis
1123 530 1340 571 Regularibus
1363 531 1644 570 lateranensibus,
1666 532 1700 561 in

282 578 478 610 Monasterio
498 580 566 611 divi
588 580 725 611 Joannis
751 582 889 621 baptiste
909 580 949 612 de
972 580 1134 612 viridaria
1156 582 1276 612 Paduae
1295 583 1476 622 agentibus,
1504 583 1552 612 vir
1572 591 1700 612 venera-

281 630 357 661 bilis
381 640 418 661 ac
431 630 564 662 devotus
588 631 708 662 Christi
734 631 890 670 sacerdos,
917 637 949 662 et
973 632 1128 662 bonarum
1156 633 1272 663 artium
1294 633 1406 673 cultor,
1429 634 1550 672 Graece,
1573 632 1700 672 utine,

282 681 454 720 Hebraioe,
493 693 583 722 eque
609 684 832 723 peritissimus,
861 683 903 714 D.
926 683 1039 715 Petrus
1060 684 1292 725 Montagnana,
1319 687 1441 726 optima
1464 686 1539 725 fide,
1571 686 1701 726 pietatis

280 732 398 771 studio,
426 728 546 772 prouue
571 733 673 764 salute
699 734 880 773 adscripsit,
913 739 1010 775 atque
1033 734 1182 766 donavit:
1210 746 1304 775 quem
1332 737 1470 778 quisque
1493 737 1604 777 legens
1625 746 1698 776 pro·

281 781 367 813 fidat
387 783 537 822 primum,
562 783 677 814 deinde
704 784 746 814 sit
766 790 886 823 gratus.
938 785 1051 820 1478.“

359 853 495 892 Codex
524 868 546 893 e
574 854 820 913 Bibliotheca
845 855 994 906 Regali.
1023 855 1109 894 Fol.
1136 857 1473 896 Membranaceus.
1528 858 1627 897 Saee.
1648 859 1698 896 X.

281 916 466 956 foliorum
496 924 582 965 194.

360 988 468 1021 Codex
497 991 558 1021 iste
583 993 733 1030 continet,
769 1003 864 1033 super
889 998 961 1024 octo
986 993 1114 1025 fabulas
1142 994 1312 1027 Plautinas
1334 996 1404 1034 jam
1431 996 1545 1036 dictas,
1574 996 1701 1028 Cicero-

279 1039 331 1069 nis
350 1040 446 1070 etum
470 1040 569 1072 Tusc.
590 1041 714 1080 Quaest.
739 1048 771 1073 et
795 1043 975 1074 Rhetorica.
1028 1043 1125 1082 Quod
1152 1044 1306 1076 Plautum
1330 1046 1472 1086 respicit,
1499 1046 1608 1078 Codex
1635 1047 1701 1088 hic,

281 1087 373 1118 aliter
392 1089 652 1130 pretiosissimus,
673 1096 722 1121 est
741 1091 776 1121 in
796 1091 965 1131 principio,
984 1092 1197 1132 marginibus,
1217 1099 1248 1124 et
1269 1094 1373 1133 eapite
1392 1094 1493 1126 ferme
1511 1096 1701 1135 paginarum

280 1139 426 1170 mutilus.
477 1139 633 1172 Ordinem
653 1141 790 1173 eundem
809 1149 987 1183 sequuntur
1005 1142 1125 1174 fabulae
1145 1153 1240 1184 quem
1260 1145 1294 1175 in
1316 1144 1395 1176 Cod„
1418 1145 1702 1183 H.1‚dedimus·

281 1190 488 1222 Aululariam
508 1192 616 1232 itaque
637 1193 758 1233 excipit
779 1192 908 1233 Captivi
926 1193 1001 1232 duo,
1022 1194 1113 1224 nulla
1132 1194 1249 1225 lacuna
1268 1202 1324 1226 aut
1343 1195 1434 1227 hiatu
1454 1196 1576 1236 relicto,
1596 1206 1702 1237 neque

282 1243 385 1284 (quod
415 1244 448 1274 in
474 1244 635 1284 plerisque
663 1244 765 1276 Codd.
797 1245 916 1276 factum
944 1247 1019 1285 esu)
1045 1246 1167 1284 addito,
1206 1249 1230 1266 “
1240 1247 1433 1288 Imperfecta
1462 1248 1611 1286 fabula?
1644 1255 1702 1279 aut

282 1295 305 1311 “
318 1293 490 1324 Aulularia
509 1304 572 1325 non
591 1302 640 1326 est
658 1296 759 1333 tota,”
779 1303 835 1327 aut
856 1296 1033 1335 “Quintus
1052 1298 1156 1328 Actus
1177 1298 1323 1330 deficit.''
1340 1305 1401 1330 etc.

360 1367 495 1406 Codex
525 1368 682 1419 Regalis
712 1369 820 1407 alter.
851 1374 937 1407 8vo.
963 1370 1004 1407 in
1035 1371 1285 1409 membranis.
1340 1371 1436 1410 Saec.
1468 1372 1560 1410 XV.
1587 1371 1701 1423 pagi-

281 1444 423 1469 narum
452 1431 540 1471 161.

359 1505 508 1537 Continet
522 1512 593 1537 octo
610 1506 738 1537 fabulas
750 1506 889 1545 easdem,
910 1506 1085 1548 eodemque
1102 1508 1224 1546 ordine,
1244 1508 1309 1539 nisi
1329 1508 1415 1547 quod
1427 1508 1611 1546 Aulularia,
1631 1509 1703 1540 loeo

280 1565 339 1587 suo
358 1561 529 1595 summota,
550 1556 584 1586 in
603 1556 722 1586 calcem
741 1556 901 1594 rejiciam
921 1557 956 1587 in
976 1557 1070 1595 cujus
1090 1559 1226 1598 abrupto
1245 1559 1379 1589 termino
1397 1557 1538 1597 additur,
1560 1559 1581 1573 '¹
1593 1558 1701 1590 Plauti

283 1605 407 1636 Comici
435 1606 623 1637 facetissimi
650 1606 825 1637 Aulularia
854 1606 1008 1638 comedia
1039 1607 1165 1639 Finit.“
1215 1608 1367 1648 Sequitur
1392 1609 1538 1640 Vulcatii
1565 1609 1702 1650 Sedigiti

280 1657 322 1688 de
340 1657 444 1697 poetis
462 1658 592 1688 comicis
610 1657 776 1697 sententia,
797 1657 895 1696 (Aul.
917 1657 1004 1688 Gell.
1027 1657 1103 1688 Lib.
1124 1657 1204 1689 XV.
1224 1658 1292 1698 24.)
1313 1658 1383 1689 scil.

557 1718 715 1749 “Multos
734 1719 869 1749 incertos
890 1725 1006 1749 certare
1025 1719 1107 1749 hanc
1126 1728 1193 1750 rem
1214 1719 1366 1757 vidimus,

595 1768 742 1799 Palmam
762 1775 862 1809 poetae
881 1769 1002 1800 comico
1021 1769 1097 1808 quoi
1116 1768 1334 1800 deferant.”...

284 1839 448 1870 Consentit
467 1838 655 1878 plerumque
681 1838 735 1869 hic
759 1839 869 1870 Codex
890 1848 963 1870 cum
985 1838 1026 1869 R.
1050 1838 1078 1878 1,
1107 1844 1138 1870 et
1157 1845 1206 1870 est
1226 1839 1439 1870 verisimiliter
1459 1849 1498 1870 ex
1520 1840 1630 1871 eodem
1650 1849 1699 1870 u·-

282 1889 429 1929 chetypo,
450 1889 506 1920 sed
526 1890 637 1920 scribae
657 1899 754 1919 manu
775 1890 882 1920 minus
901 1894 1058 1928 accurata,
1079 1888 1243 1920 confictus.

630 2019 710 2061 IV.
775 2020 917 2061 Comzx
958 2019 1338 2061 Cmrmnmmms.

362 2118 591 2157 Academiae
626 2118 961 2170 Cantabrigiensis
992 2118 1141 2163 Codex,
1182 2118 1225 2156 in
1261 2117 1511 2156 Bibliotheca
1539 2116 1701 2168 publiea

285 2188 475 2221 servatus.
507 2182 592 2220 Fol.
620 2182 662 2220 in
689 2182 939 2220 membranis.
993 2181 1092 2221 Saec.
1115 2181 1209 2221 XV.
1238 2182 1424 2227 ineuntis,
1460 2188 1507 2219 ut
1536 2187 1701 2219 testatur

283 2245 467 2284 librarius
493 2244 536 2283 in
562 2244 651 2283 fine.

362 2318 473 2350 Codex
492 2318 553 2348 iste
578 2323 648 2349 octo
673 2318 812 2349 continet
837 2317 977 2354 fabulas,
1003 2317 1164 2357 videlicet,
1190 2317 1315 2358 Amph.
1337 2318 1433 2348 Asin.
1458 2317 1574 2347 Aulul.
1604 2315 1700 2356 Capt.

285 2367 455 2406 Gurgulio.
484 2366 627 2397 cassina.
658 2366 740 2398 cist.
764 2366 863 2406 Epid.
909 2366 971 2397 Est
996 2366 1111 2397 litteris
1131 2366 1255 2397 Italicis
1274 2366 1351 2397 satis
1370 2365 1533 2397 luculente
1551 2365 1701 2405 scriptus,

284 2418 427 2449 versibus
445 2416 534 2448 haud
553 2417 723 2448 distinctis.
773 2417 871 2456 Quod
890 2417 931 2448 ad
950 2418 1181 2455 auctoritatem,
1202 2417 1392 2457 plerumque
1412 2425 1484 2447 cum
1506 2414 1585 2446 eod.
1608 2414 1701 2453 H.1,

282 2469 457 2505 consentit·
482 2474 532 2499 at
552 2475 660 2499 tamen
688 2469 746 2499 ubi
774 2468 851 2498 huie
879 2467 991 2499 Codici
1017 2468 1143 2499 auxilia
1170 2468 1347 2505 debuerim,
1383 2477 1455 2507 quae
1482 2466 1593 2496 nullus
1616 2465 1702 2497 alius

282 2518 544 2558 suppeditaverit.
597 2518 655 2549 Ad
683 2517 803 2549 calcem
823 2516 952 2548 Codicis
980 2518 1093 2548 scribae
1112 2527 1211 2548 manu
1235 2517 1397 2555 adjicitur,
1427 2515 1626 2555 ”Scriptum
1644 2525 1703 2555 per

283 2570 359 2599 me“
374 2569 506 2610 [nomen
521 2569 687 2609 deletur1'
691 2568 810 2600 ’.Ηοιε
832 2568 884 2599 die
903 2569 1058 2609 vigesimo
1077 2569 1183 2609 primo
1201 2567 1389 2606 decembris,
1410 2566 1464 2597 M⁰
1465 2570 1585 2597 .⁰cccc
1584 2567 1688 2597 .xv·.‘

363 2640 510 2679 Praeter
536 2640 645 2680 hunc
674 2640 809 2678 nullus
834 2639 947 2685 alius,
977 2639 1089 2691 quod
1116 2638 1283 2690 reperio,
1311 2637 1421 2690 apud
1444 2637 1700 2676 Academiam

285 2710 458 2742 nostram
491 2711 620 2743 exstat
652 2705 780 2743 Plauti
815 2703 963 2743 Codex.
1031 2705 1140 2743 Inter
1176 2703 1318 2742 Libros
1354 2716 1451 2741 vero
1485 2702 1701 2753 lmpressos

286 2771 379 2803 sunt
403 2765 496 2810 duo,
528 2768 678 2805 notulis
714 2767 952 2818 quibusdam
992 2768 1090 2805 Mss.
1125 2765 1321 2811 instructi,
1363 2777 1534 2816 quorum
1568 2771 1702 2802 tamen
