1864 3152
764 496 1080 555 INDEX

557 664 831 697 VERBORUM
872 664 1283 697 MEMORABIMUM.

126 1032 402 1069 Anxnuvrr.
431 1031 476 1068 Ρ.
496 1037 557 1070 31.

126 1105 323 1143 Abiciam.
351 1110 439 1144 455.

126 1182 213 1219 Abs
232 1194 313 1231 qua
329 1180 563 1219 cavendum.
590 1186 679 1226 259.

127 1257 214 1293 Abs
232 1263 283 1294 te.
311 1268 357 1292 ex
375 1261 441 1293 tua
457 1255 632 1307 pecunia.
660 1260 748 1294 445.
772 1254 861 1294 446.

128 1331 216 1369 Abs
235 1339 275 1369 te
293 1344 426 1369 caveo.
455 1336 518 1374 75.
870 1331 872 1333 ’

128 1406 215 1443 Abs
232 1412 273 1443 te
290 1412 437 1443 metuo.
468 1410 553 1444 183.

126 1480 308 1518 Absolvo
325 1487 366 1518 te
383 1479 472 1518 hoc.
499 1479 589 1518 683.

126 1556 295 1606 Absque
312 1563 352 1594 τε
371 1563 483 1594 esset.
510 1561 599 1601 920.

126 1630 364 1668 Abstineam
383 1630 554 1681 culpam.
584 1635 671 1673 877.

127 1704 345 1742 Abstinent
363 1703 492 1755 culpa.
518 1703 608 1747 671.

128 1777 392 1829 Accipedum.
419 1783 508 1823 295.

127 1854 384 1892 Accubitum.
411 1853 464 1891 ad
483 1866 656 1891 mensam.
689 1859 773 1893 142.

127 1928 314 1966 Accubui
334 1935 520 1966 scortum.
550 1933 638 1972 378.

128 2003 341 2041 Acerrumi
360 2010 491 2041 testes.
520 2009 608 2049 495.

129 2081 335 2116 Actutum.
369 2083 453 2117 130.
483 2083 568 2116 135.
596 2084 685 2118 341.

129 2154 261 2190 Acum
280 2165 488 2203 quaereres.
519 2157 604 2191 155.

129 2226 196 2265 Ad
215 2226 405 2264 damnum
423 2226 636 2264 deferetur.
665 2232 725 2270 57.

128 2300 199 2339 Ad
217 2314 309 2339 eum
328 2300 470 2338 inviso.
500 2306 562 2340 32.

131 2374 199 2413 Ad
218 2374 529 2413 Menaechmum.
546 2388 620 2426 pro
637 2376 690 2413 ad
706 2376 850 2414 domum

210 2449 447 2489 Menaechmi.
474 2455 537 2489 20.

131 2522 199 2561 Ad
217 2523 493 2574 phrygionem.
521 2530 609 2564 332.

132 2596 260 2635 Adeo.
284 2603 348 2641 47.
374 2604 415 2636 et
442 2597 489 2636 P.
507 2604 569 2636 21.

133 2670 266 2708 Ades!
297 2670 475 2722 (attend.)
504 2678 591 2712 545.

131 2744 411 2795 Adglutinant.
437 2747 526 2786 256.

133 2817 358 2858 Adhibeam
377 2826 527 2858 metum
545 2821 613 2859 mi.
640 2826 728 2865 877.

899 911 949 948 A.

955 1029 1091 1068 Adibo
1109 1029 1161 1067 ad
1179 1030 1390 1069 hominem.
1418 1037 1505 1071 388.

955 1104 1091 1142 Adibo
1109 1118 1213 1143 eum.
1240 1111 1328 1149 272.

954 1177 1212 1227 Adjudjcato.
1244 1178 1329 1219 106.

954 1254 1167 1304 Adjuvant
1184 1268 1248 1294 me
1267 1255 1350 1292 Dii.
1378 1261 1467 1295 451.

938 1328 1115 1367 ‘Admisi
1134 1330 1176 1367 in
1193 1344 1268 1369 me.
1295 1330 1384 1370 614.
1428 1343 1429 1347 ’

955 1404 1182 1442 Adoneum.
1208 1405 1272 1444 68.

957 1478 1226 1531 Adscriptivis
1243 1480 1295 1519 ad
1312 1481 1521 1532 legionem.
1551 1489 1636 1524 102.

957 1553 1145 1592 Adstans.
1164 1568 1239 1606 pro
1255 1560 1374 1594 stans.
1402 1562 1490 1597 304.

958 1628 1099 1667 Adsto.
1125 1642 1200 1680 pro
1217 1630 1299 1668 sto.
1316 1631 1358 1668 P.
1380 1631 1441 1670 56.

957 1701 1219 1741 Adulescens.
1248 1703 1294 1741 P.
1314 1709 1376 1748 75.

958 1777 1224 1816 Advocatum.
1254 1784 1342 1823 700.

958 1851 1190 1890 Advorsum
1209 1853 1355 1891 venias.
1383 1861 1472 1894 342.

959 1926 1167 1964 Advorsus
1185 1926 1280 1965 dies.
1310 1933 1397 1974 798.

958 2001 1120 2040 AEdiles.
1147 2003 1350 2056 (judices.)
1368 2009 1458 2050 490.

962 2076 1226 2127 AEgritudine.
1254 2078 1300 2115 P.
1321 2083 1383 2117 35.

958 2151 1133 2203 AEquom
1150 2154 1313 2191 bonum.
1342 2159 1430 2200 479.

958 2226 1198 2278 AEsculapio.
1226 2232 1315 2271 784.

959 2300 1112 2339 AEstive
1130 2301 1315 2340 viaticati.
1348 2307 1434 2346 172.

959 2374 1071 2413 AEtas
1087 2375 1202 2414 mala.
1228 2381 1410 2414 senectus.
1437 2376 1526 2416 660.

959 2449 1144 2488 AEtatem.
1173 2449 1250 2500 (all
1264 2464 1324 2503 my
1342 2449 1442 2502 lff‘fe.)
1469 2451 1558 2492 622.

958 2525 1080 2563 AEtafi
1101 2532 1193 2562 tuae.
1221 2524 1301 2562 tibi.
1329 2530 1418 2568 577.

957 2599 1134 2638 Affatim.
1167 2605 1227 2639 15.

959 2673 1124 2711 Affatim
1141 2672 1360 2711 hominum.
1388 2674 1476 2714 360.

959 2747 1133 2786 Affectas
1152 2748 1269 2786 viam.
1298 2753 1387 2788 588.

959 2822 1212 2873 Agathocles.
1239 2823 1343 2862 Rex.
1364 2829 1453 2863 318.
