1864 3152
713 261 1109 304 AULULARIA.
1646 263 1702 309 69

263 391 364 447 Qui
396 390 588 446 habent,
623 392 943 439 meminerunt
978 408 1091 447 sese,
1131 391 1258 440 unde
1295 392 1484 439 oriundi
1519 394 1669 450 sient3

262 474 431 538 Neque
464 474 557 539 pol,
598 473 871 538 Megadore,
915 473 1035 522 mihi
1068 491 1156 522 nec
1193 475 1411 538 cuiquam
1446 476 1640 539 pauperi

262 556 501 622 Opinione
534 557 704 606 melius
738 574 810 605 res
842 565 1020 606 structa
1049 566 1119 605 est
1150 557 1291 619 domi.

134 639 246 686 ME.
267 639 372 686 Imo
406 649 490 695 est,
523 646 572 687 et
605 639 672 686 dii
706 638 895 695 faciant,
930 640 1130 695 utinam,
1166 647 1222 687 ut
1257 641 1359 696 siet,

265 721 384 770 Plus
415 721 613 785 plusque
647 722 769 770 istuc
802 723 1047 786 sospitent,
1082 722 1207 785 quod
1242 739 1369 771 nunc
1402 722 1569 772 habes!

134 804 234 852 ΕΠ.
264 805 395 853 Illud
425 805 544 853 mihi
579 807 771 854 verbum
806 822 900 853 non
933 806 1117 869 placet:
1154 805 1300 862 Quod
1329 824 1454 855 nunc
1477 807 1704 857 habes.—

266 886 387 934 Tam
423 885 511 934 hoc
545 887 647 941 scit,
682 903 759 934 me
798 885 983 942 habere,
1020 903 1160 949 quam
1197 895 1411 951 egomet:
1446 906 1563 938 anus
1591 890 1704 939 feeit

464 969 644 1033 palam!

135 1052 400 1109 ME.Quid
434 1061 488 1101 tu
524 1060 573 1100 te
607 1052 732 1100 solus
766 1069 791 1099 e
825 1059 992 1099 senatu
1028 1069 1210 1100 sevocas
1231 1056 1253 1101 Ρ

135 1134 234 1184 En.
259 1136 352 1184 Pol
376 1153 476 1200 ego,
496 1143 566 1183 ·ut
589 1143 638 1183 te
661 1152 883 1189 accusem,
906 1135 1074 1183 merito
1096 1136 1372 1185 meditabar.

1300 1219 1412 1268 ME.
1436 1221 1572 1278 Quid
1594 1225 1701 1271 est?

1629 652 1703 686 500

194 1324 218 1341 v.
236 1318 290 1345 497.
324 1318 514 1347 Meminerant,
532 1317 633 1342 Decem
647 1316 746 1346 Nostri,
762 1320 791 1342 et
801 1317 835 1342 V.
849 1318 870 1341 1.
883 1318 906 1341 3.
924 1316 1078 1347 Meminere,
1096 1318 1124 1342 c.
1143 1318 1327 1348 Hemina-int,
1345 1319 1428 1351 (quod
1441 1319 1515 1345 dedit
1529 1320 1591 1349 Bo.)
1605 1322 1706 1349 habeut

133 1360 167 1383 A.
180 1358 211 1383 B.
228 1360 252 1383 2.
272 1358 305 1383 Η.
317 1360 340 1383 3.
360 1358 394 1384 V.
404 1360 426 1383 2.
444 1362 473 1384 et
487 1359 525 1384 ita
539 1359 681 1384 nonnullae
698 1358 770 1384 Vett.
790 1358 855 1383 Rdd.
887 1360 939 1386 Sed
952 1360 1076 1389 alterum,
1099 1359 1172 1391 quod
1186 1359 1220 1384 ad
1235 1360 1404 1391 sententiam,
1427 1361 1516 1393 aptius
1535 1369 1591 1388 esse
1603 1363 1704 1395 Judieo.

132 1400 247 1425 --199.
264 1399 387 1431 Quinque
402 1399 483 1424 Codd.
501 1400 627 1432 opinione
642 1407 685 1426 res
699 1401 917 1426 ”telina—400.
937 1401 1019 1426 Hunc
1034 1408 1147 1430 versum,
1170 1402 1217 1433 qui
1232 1401 1261 1426 in
1277 1403 1404 1429 omnibus
1419 1403 1528 1435 Scriptis
1542 1412 1654 1431 mancus
1669 1414 1708 1432 re-

133 1441 241 1473 peritur,
259 1441 305 1466 alii
319 1441 403 1471 aliter,
421 1445 502 1473 prout
517 1441 603 1466 visum
623 1445 671 1471 est,
697 1442 881 1468 emendarunt.
926 1442 959 1467 In
978 1443 1060 1467 Codd.
1078 1446 1118 1468 est
1133 1444 1192 1468 Imo
1209 1447 1265 1475 (seu
1282 1444 1377 1473 Immo)
1393 1447 1439 1476 at,
1462 1448 1487 1472 et
1501 1447 1661 1477 <liifaciant
1675 1451 1707 1474 ut

130 1484 187 1513 eid,
205 1486 233 1509 et
251 1484 290 1508 ita
307 1483 372 1508 Edd.
392 1483 502 1509 Priores.
536 1484 570 1508 In
584 1491 640 1509 una
656 1485 751 1509 Pann:
771 1484 861 1509 noecio
876 1486 954 1516 quus
970 1485 1128 1510 auctoritate
1147 1488 1241 1515 exstat,
1265 1487 1351 1512 Immo
1368 1488 1413 1516 est,
1436 1489 1462 1512 et
1474 1495 1584 1519 quaeso
1601 1490 1650 1515 tibi
1664 1491 1707 1515 dii

123 1526 237 1557 saciant
253 1528 285 1551 ut
303 1527 368 1554 eice,-
384 1527 457 1552 unde
471 1530 593 1552 nostrum
609 1534 715 1552 versum
731 1527 856 1558 conflavi,
881 1535 952 1558 cum,
980 1527 1122 1559 (siquidem
1137 1528 1172 1553 ad
1186 1530 1352 1560 conjecturas
1367 1530 1480 1555 omnino
1495 1531 1706 1563 confugiendum

132 1567 193 1596 est)
211 1566 380 1592 verisimilius
394 1570 434 1592 est
449 1574 543 1593 vocem
564 1568 672 1593 utinam
697 1569 853 1600 (praesertim
876 1569 898 1594 si
914 1572 1056 1599 contracte,
1084 1572 1116 1595 ut
1130 1570 1159 1595 in
1175 1570 1246 1596 Mse.
1264 1578 1324 1596 mos
1338 1574 1385 1602 est,
1402 1574 1539 1603 penatum
1555 1577 1618 1599 ante
1632 1581 1704 1606 sequ.

133 1610 165 1634 ut
179 1609 296 1641 elapsam
312 1609 399 1639 suisne,
417 1617 499 1641 quam
514 1616 604 1641 quaeso
619 1618 634 1636 e
650 1611 739 1636 medio
754 1617 831 1636 versu
849 1611 993 1642 excidisse;
1014 1615 1042 1637 et
1060 1612 1128 1637 illud
1143 1619 1250 1644 quoque
1270 1613 1343 1644 quod
1357 1613 1392 1638 ad
1412 1613 1585 1641 Latinitatem
1600 1616 1705 1642 melius.

131 1651 176 1675 dii
191 1655 281 1677 autem
297 1651 384 1677 solute
402 1651 641 1683 pronuntiandum.
675 1653 808 1678 Caeterum
830 1653 865 1678 Η.
878 1656 901 1678 4.
927 1653 959 1678 R.
973 1655 995 1677 2.
1012 1657 1040 1679 et
1055 1654 1083 1684 O,
1109 1654 1211 1680 habent
1223 1655 1292 1680 sient
1311 1655 1342 1680 in
1356 1655 1412 1681 fine
1434 1663 1531 1687 versus,
1553 1657 1574 1682 si
1596 1657 1655 1689 quis
1673 1659 1707 1685 de

133 1699 260 1723 germana
275 1692 340 1723 quid
355 1692 470 1718 lectione
487 1692 550 1717 inde
571 1695 652 1724 queat
666 1693 885 1719 odorari—601.
910 1694 1025 1725 Plusque
1044 1701 1101 1720 non
1116 1695 1178 1720 elid.
1197 1695 1236 1721 ita
1250 1696 1323 1721 enim
1344 1697 1416 1722 Mss.
1444 1696 1528 1728 [Vide
1546 1699 1622 1724 Inna
1636 1701 1707 1734 573]

134 1735 208 1759 mue
223 1741 316 1759 omnes
332 1734 529 1760 codd—4502.
548 1735 631 1764 laud,
647 1742 742 1760 omnes
758 1735 841 1760 codd.
858 1738 886 1761 et
901 1735 967 1760 Edd.
987 1735 1059 1761 Vett.
1078 1736 1133 1761 Bo:
1150 1738 1344 1763 Inna—603.
1363 1740 1431 1769 Hoc,
1447 1740 1491 1765 Ita
1510 1741 1592 1766 codd.
1612 1745 1708 1774 pmter

135 1777 166 1801 B.
181 1777 202 1801 1.
220 1776 255 1812 ῌ.
268 1778 297 1806 l;
312 1777 359 1809 qui
374 1777 474 1803 habent
488 1778 539 1807 hic,
557 1781 584 1803 et
598 1778 637 1803 ita
652 1778 707 1803 Bo:
721 1781 782 1810 poet
796 1778 857 1803 ΑΜ.
874 1778 1007 1811 aliosque3
1023 1779 1069 1804 sed
1079 1779 1148 1805 illud
1161 1781 1266 1812 melius,
1284 1782 1464 1808 utadaurum
1480 1784 1617 1815 referatur,
1633 1787 1706 1817 quod

133 1826 204 1851 saepe
220 1819 248 1844 in
263 1819 315 1845 hae
328 1820 421 1845 sabula
436 1820 538 1846 factum
559 1821 705 1846 est—‹mu’
720 1821 810 1847 ablata
823 1821 875 1847 litt.
893 1822 941 1847 ult.
958 1822 1264 1853 pronuntiand.--5o⁵.
1282 1824 1415 1850 Nonnulli
1431 1825 1513 1851 codd.
1530 1828 1682 1860 meritoque.

135 1899 291 1939 nitorem
308 1914 382 1953 pro
406 1916 459 1948 re,
484 1916 531 1940 ac
550 1902 713 1954 gloriam
736 1918 809 1955 pro
826 1918 885 1942 co-

130 1964 226 2015 pia:
257 1966 326 2016 qui
349 1974 504 2004 tantum
527 1967 655 2006 nitent
680 1981 800 2018 seque
828 1969 885 2006 ef-

135 2029 268 2068 ferunt
287 2038 479 2081 quantum
506 2044 569 2070 res
598 2038 638 2070 et
655 2032 769 2083 copia
785 2032 886 2083 pati-

135 2083 237 2119 tui-3²

188 2158 275 2199 499.
332 2154 516 2206 Opinione
542 2154 673 2193 melius
698 2169 759 2194 res
787 2156 887 2207 etc.]

138 2221 150 2237 ‘
164 2215 287 2254 Don’t
300 2215 403 2268 keep
421 2231 478 2268 up
496 2231 519 2255 a
535 2218 663 2256 better
682 2218 888 2257 establish-

135 2287 245 2318 ment
268 2280 364 2318 than
394 2281 427 2319 is
454 2281 598 2320 looked
617 2282 679 2319 for
696 2283 799 2320 from
817 2285 887 2320 us.'

136 2341 261 2388 Quasi
293 2342 409 2388 dicat,
446 2343 561 2381 Nihil
594 2358 788 2396 pauperes
819 2345 887 2384 ha-

136 2406 233 2443 bent
266 2406 342 2443 nisi
377 2406 486 2457 quod
521 2406 678 2445 videtur
714 2409 885 2459 publice.

136 2466 242 2504 Con.
263 2468 339 2506 ΜΒ.
393 2468 515 2506 Haud
539 2469 727 2519 majorem
753 2483 887 2521 sump-

137 2537 224 2568 tum
259 2530 365 2568 domi
400 2531 631 2570 exhibemus
666 2546 786 2583 quam
815 2546 889 2584 pro

137 2601 293 2644 quaestu
326 2602 459 2633 nostro
493 2595 671 2634 homines
707 2604 888 2647 expecta-

138 2664 237 2694 rent.
292 2656 370 2702 Sic,
400 2658 484 2696 Mil.
507 2664 616 2702 1227.

137 2716 258 2747 “Istuc
281 2717 398 2756 curavi,
432 2724 466 2750 ut
488 2720 626 2758 opinione
649 2718 734 2751 iuius
755 2719 892 2759 pulcrior

213 2767 289 2797 sis.''

954 1903 1009 1942 Et
1028 1906 1112 1943 Cas.
1132 1911 1219 1951 229.

993 1982 1014 1997 “
1028 1981 1174 2021 Opinione
1186 1984 1290 2014 melius
1303 1993 1349 2015 res
1361 1984 1416 2015 tibi
1429 1985 1545 2016 habent
1557 1986 1656 2017 tuae.”

1004 2059 1091 2092 501.
1145 2054 1244 2092 Plus
1259 2055 1456 2108 plusqua]
1509 2057 1705 2098 Hebraice

953 2117 1176 2167 geminatur
1193 2118 1398 2169 particula,
1417 2121 1608 2171 augendae
1626 2122 1707 2173 sig-

954 2179 1188 2218 nificationis
1207 2194 1334 2219 causa.

1005 2263 1093 2297 504.
1147 2258 1184 2296 E
1212 2265 1346 2298 senatu
1377 2274 1529 2299 sevocas
1542 2262 1590 2314 9]
1633 2263 1704 2302 Se-

953 2328 1069 2359 natus
1104 2329 1163 2360 est
1193 2322 1261 2360 ubi
1298 2324 1554 2362 conferuntur
1589 2325 1705 2365 simul

955 2385 1116 2423 consilia
1133 2386 1348 2424 multorum
1358 2401 1370 2432 3
1404 2400 1511 2426 nunc
1534 2389 1630 2427 facit
1653 2390 1705 2428 si-

954 2447 1243 2494 militudinem3
1272 2455 1357 2487 tute
1382 2449 1555 2500 loqueris
1586 2451 1703 2498 solus,

954 2509 1159 2549 discedens
1187 2525 1210 2548 a
1227 2511 1501 2550 communibus
1523 2513 1704 2553 consiliis.

955 2575 1059 2613 Com.
1079 2575 1158 2613 Ms.
1212 2575 1357 2613 Sensus
1385 2582 1455 2620 est,
1485 2575 1617 2622 Quare
1645 2591 1705 2616 se-

954 2637 1066 2676 ducis
1095 2645 1146 2682 te,
1177 2644 1217 2675 et
1234 2637 1289 2676 sic
1318 2637 1478 2675 seorsim
1499 2637 1670 2689 loqueris
1683 2642 1702 2678 ἓ

957 2701 1072 2740 Conf.
1091 2701 1175 2739 Mil.
1196 2706 1411 2747 590—593.

1035 2772 1055 2786 ¹‘
1071 2770 1217 2803 Redeoin
1230 2776 1365 2802 senatum
1379 2771 1605 2804 rursus”...etc.
