1864 3152
626 233 691 274 IN
728 231 1182 274 AULULARIAM.
1571 230 1658 285 157

148 380 249 412 mus,
290 367 311 380 ''
326 363 584 403 Laverniones
614 363 723 402 fures
759 362 914 414 antiqui
943 361 1141 408 dicebant,
1166 360 1274 413 quod
1311 361 1385 400 sub
1417 362 1542 400 tutela
1571 362 1670 401 Deae

148 444 340 482 Lavernae
371 445 512 484 essent,
540 438 583 477 in
614 438 727 491 cujus
754 438 846 477 luco
873 437 1042 476 obscuro
1063 435 1278 487 abditoque
1306 434 1408 474 soliti
1439 434 1546 473 furta
1567 447 1670 486 prae-

150 516 321 567 dunque
359 514 461 553 inter
503 526 544 551 se
581 512 712 552 luere:
761 511 855 550 hinc
895 518 935 550 et
974 509 1206 549 Lauernalis
1246 515 1360 562 porta
1394 515 1532 549 vocata
1570 514 1670 548 est-‘⁶

151 589 279 642 (quod
305 589 361 628 ibi
388 601 456 628 ara
482 588 569 640 ejus
597 588 707 627 Deae.
735 588 859 639 ΠΛΟ.)
912 587 1029 626 Nost.
1057 586 1217 638 Fragm.
1236 591 1273 630 7.
1311 585 1465 624 Cornic.
1528 585 1671 624 “Mihi

154 665 332 704 Lauerna
367 664 410 702 in
440 662 558 701 furtis
593 662 819 702 celebrassit
852 663 1028 700 manus.”
1081 660 1223 699 Glossa
1256 659 1413 707 Isidori,
1439 661 1462 675 ”
1475 659 1671 705 Laberna,

153 739 264 784 latro,
290 745 358 777 aut
382 737 453 789 qui
474 737 573 775 filios
592 736 738 775 alienos
762 735 955 785 seducit.“
981 735 1021 773 h.
1039 748 1071 773 e.
1100 734 1314 786 plagiarius
1325 749 1338 781 ς
1367 734 1526 774 Auson:
1556 740 1583 758 “
1594 734 1674 773 Bo-

153 832 295 857 norum
322 817 424 856 mala
453 816 670 856 carminum
698 816 914 855 Lavernas’
969 814 1080 854 Scal:
1117 815 1159 852 in
1188 814 1374 853 Nonium.

237 966 303 974 —
377 936 490 985 Nisi
522 934 606 997 si.]
682 942 835 984 Unless
869 943 1038 984 indeed.
1098 946 1209 985 Men.
1231 946 1316 986 165.
1371 947 1487 986 Curc.
1505 953 1567 988 51.
1593 950 1665 988 &c-

227 1072 315 1106 400.
378 1060 592 1125 Pipu10.]
671 1065 858 1108 Abusive
908 1068 1146 1124 lang-uage.
1217 1071 1294 1110 Pro
1338 1073 1502 1112 convicio
1507 1088 1527 1117 ;
1571 1074 1678 1114 Non.

156 1148 262 1187 Vide
284 1148 397 1186 Nott.
426 1147 675 1199 ”significem
705 1162 796 1188 cum
824 1149 1045 1201 vituperi03
1083 1149 1176 1201 quia
1201 1151 1384 1190 omnibus
1408 1152 1615 1194 declarabo
1639 1162 1680 1194 te

156 1224 327 1262 furem.“
366 1222 471 1261 Com.
493 1222 573 1260 Ms.
629 1222 754 1261 Ducit
787 1222 936 1262 Parcus
979 1223 1050 1260 ”A
1074 1222 1216 1275 pipatu
1244 1224 1468 1275 pullorum;
1509 1226 1678 1277 [Catull.

158 1296 204 1335 C.
224 1309 291 1335 111.
322 1302 381 1336 10.
436 1296 499 1335 De
527 1309 695 1347 passere.
759 1297 863 1335 “Ad
891 1297 1011 1335 solam
1039 1297 1238 1336 dominam
1271 1312 1399 1350 usque
1423 1299 1681 1354 pipilabat.”]

160 1370 308 1424 Pipare
332 1371 439 1410 enim
468 1371 562 1411 Osci
592 1371 788 1418 dicebant,
818 1385 892 1424 pro
918 1386 966 1411 eo
993 1372 1101 1424 quod
1130 1379 1189 1411 est
1212 1373 1452 1425 ejulabunde
1480 1378 1680 1428 conqueri.

162 1443 261 1482 Inde
297 1443 438 1495 Pipulo
476 1443 648 1496 d{fferre,
695 1451 755 1483 est
796 1445 1021 1491 conviciari,
1057 1445 1269 1485 diffamare.
1342 1447 1390 1485 In
1422 1448 1548 1500 Legg.
1584 1451 1681 1490 XII.

162 1515 289 1555 Tabb.
325 1515 431 1554 idem
463 1523 524 1554 est
549 1516 810 1568 obvagulari.”
862 1519 930 1558 Sic
956 1526 999 1558 et
1029 1520 1163 1558 Fnsr:
1202 1521 1404 1574 ”Pipatio,
1425 1523 1571 1563 clamor
1595 1525 1682 1577 plo-

160 1590 295 1636 rantis,
320 1591 458 1642 lingua
485 1590 722 1630 Oscorum.“
779 1591 950 1644 Vagulor
971 1601 1104 1633 autem
1133 1595 1178 1633 fit
1203 1609 1227 1634 a
1250 1595 1374 1648 vagio,
1404 1597 1560 1649 vaggiam
1592 1606 1638 1638 ut
1661 1614 1686 1639 a

159 1665 280 1718 pipio‚
302 1665 438 1719 pipilo.
483 1666 597 1706 DAc:
637 1667 680 1705 in
710 1667 848 1706 Fnswz
891 1683 974 1708 voc.
1012 1669 1227 1721 Vagulafio,
1264 1671 1290 1708 i.
1319 1685 1353 1710 e.
1392 1673 1558 1724 quaestio
1593 1688 1684 1714 cum

165 1738 354 1777 convicio.
407 1739 523 1778 Nost.
554 1739 641 1777 Mil.
680 1745 766 1780 582.
831 1742 962 1781 “Jam
989 1755 1096 1781 nunc
1125 1743 1217 1782 satis
1242 1743 1379 1797 pipulo
1405 1745 1529 1798 impio
1559 1750 1686 1788 merui

164 1813 293 1852 mali-’¹
345 1813 396 1852 A.
416 1813 518 1853 Gen.
545 1815 636 1853 XX.
664 1822 701 1862 9.
746 1829 883 1855 versus
911 1818 982 1856 Cn.
1014 1817 1130 1856 Matii
1159 1818 1294 1866 citans,
1332 1821 1473 1860 “Dein
1501 1826 1687 1876 coquenti

166 1900 259 1926 vasa
289 1894 432 1927 cuncta
462 1887 660 1940 dejectat:
702 1889 940 1941 Nequamve
975 1891 1205 1931 scitamenta
1228 1893 1365 1946 pipulo
1388 1895 1547 1948 poscit?
1589 1898 1690 1949 (De-

166 1962 306 2001 mands
336 1963 433 2002 with
460 1962 754 2015 importunity.)
806 1963 856 2002 In
887 1965 1008 2017 Apul.
1041 1966 1137 2004 Met.
1156 1966 1213 2004 11.
1268 1972 1295 1990 “
1308 1966 1464 2019 Pipulis
1497 1969 1689 2010 laceratus

167 2042 287 2087 atque
322 2035 544 2089 discerptus
555 2039 592 2084 ;'’
630 2037 789 2076 videtur
823 2039 914 2091 plus
944 2039 1096 2092 aliquid
1131 2054 1250 2092 quam
1281 2055 1389 2082 mera
1419 2044 1596 2085 convicia
1628 2046 1689 2085 in-

167 2110 426 2163 telligendum
453 2126 549 2152 esse.

251 2234 318 2242 —
393 2206 675 2270 Differam]
742 2216 1011 2256 ”Cruciabo.“
1048 2218 1155 2258 Com.
1174 2219 1257 2258 Ms.
1300 2220 1519 2273 ’'Dffirre,
1540 2223 1692 2275 (inquit

170 2294 341 2340 Nonius,
379 2295 534 2334 laudat:
569 2296 677 2348 apud
701 2297 796 2336 Cod.
825 2298 879 2336 H.
908 2298 964 2351 2.)
990 2300 1095 2339 valet
1118 2300 1324 2353 diffamare
1333 2316 1352 2346 ;
1387 2316 1462 2355 pro
1490 2304 1666 2345 dividere
1676 2322 1691 2353 3

173 2367 390 2407 scindere.“
435 2369 516 2408 Hic
542 2370 638 2408 citat
658 2371 798 2410 Lucil:
825 2371 916 2410 Lib.
937 2372 1070 2411 XXX.
1107 2373 1303 2413 “Gaudes
1330 2387 1421 2413 cum
1451 2375 1501 2414 de
1528 2389 1593 2416 me
1617 2377 1694 2417 ista

173 2442 270 2481 foris
299 2442 546 2483 sermonibus
575 2443 746 2496 differs?
801 2445 854 2485 Et
884 2445 995 2484 Ibid:
1034 2448 1348 2487 “Maledicendo
1381 2449 1517 2488 multis
1547 2465 1692 2491 sermo-

173 2516 292 2555 nibus
319 2515 360 2554 di
390 2519 489 2555 ers.’'
559 2517 641 2557 Sed
674 2518 737 2557 his
768 2519 864 2559 locis
893 2527 1024 2573 potest
1051 2534 1138 2560 esse
1166 2535 1241 2573 pro
1279 2523 1406 2575 simpl.
1433 2525 1693 2574 disseminare,

174 2588 386 2642 divulgare.
448 2590 596 2629 Melius
622 2591 785 2631 fortasse
818 2593 951 2633 Plauti
986 2608 1144 2634 sensum
1175 2596 1370 2647 exprimes
1399 2611 1472 2648 per
1506 2611 1690 2651 rumpam,

175 2677 245 2703 seu
291 2664 521 2716 defatigabo,
564 2679 654 2717 quae
692 2674 753 2706 est
789 2668 914 2708 ferme
947 2669 1007 2708 vis
1045 2669 1157 2708 verbi
1198 2670 1239 2708 in
1281 2671 1378 2710 locis
1415 2672 1694 2714 consimilibus.

177 2737 227 2776 Ε.
245 2753 285 2790 g.
327 2739 441 2778 Nost.
472 2740 612 2779 Pseud.
642 2747 729 2781 353.
782 2743 852 2782 CA.
882 2745 1064 2795 “lugere
1088 2744 1189 2782 mala
1218 2745 1354 2783 multa.
1397 2745 1463 2784 Ps.
1500 2747 1591 2786 Jam
1619 2762 1695 2800 ego
