1864 3152
743 279 806 312 Pu
823 278 869 309 AE
886 278 912 309 1³
928 277 1001 309 ΛΤ
1016 276 1090 307 10.
1649 277 1673 303 V

157 408 278 448 cent
322 407 495 446 autem
543 397 723 444 harum
763 410 930 443 rerum
974 393 1142 458 periti,
1193 407 1258 440 an
1303 391 1418 440 illos
1459 392 1672 448 fructus,

158 505 289 555 quos
334 505 399 537 ex
452 496 559 535 tam
604 494 750 534 vasta
800 482 1063 532 vindemia
1114 497 1324 547 sperare
1377 496 1472 546 par
1520 489 1672 537 esset,

157 579 255 627 Vir
292 578 392 634 ille,
441 577 493 624 in
531 591 586 623 re
631 573 883 621 litteraria
918 571 1056 619 haud
1103 586 1228 618 sane
1274 569 1570 633 indiligens,
1619 569 1671 617 in

157 665 386 713 medium
433 661 788 728 reportaverit.
858 659 1011 708 Adde
1054 658 1193 723 quod
1239 674 1389 714 unus,
1435 665 1675 722 notaeque

157 754 201 802 is
248 739 483 818 quidem*
510 750 751 806 melioris,
803 748 999 804 Codex,
1058 747 1241 796 Museo
1287 755 1463 796 nostro
1510 762 1677 813 nuper

158 840 392 895 accessit,
449 838 600 904 cujus
650 838 705 885 in
757 836 1008 899 Catalogo
1061 852 1218 901 supra
1273 842 1555 883 memorato
1610 851 1677 883 ne

158 928 351 976 mentio
397 926 609 991 quidem
653 925 789 973 facta
836 931 945 982 est;
998 923 1080 971 vel
1124 922 1263 988 quod
1307 923 1566 988 posterius
1622 922 1675 970 in

159 1015 540 1064 Bibliothecam
574 1012 935 1062 Britannicam
966 1010 1247 1060 translatus
1275 1011 1357 1068 sit,
1387 1027 1547 1075 quam
1572 1010 1675 1059 Re-

158 1119 346 1152 census
407 1103 494 1151 ille
550 1102 841 1167 Valpianus
896 1099 1067 1149 editus
1124 1098 1296 1156 fuerit,
1355 1098 1439 1147 vel
1492 1097 1560 1147 ad
1621 1097 1676 1146 id

158 1202 365 1258 tempus
391 1191 444 1239 in
473 1190 707 1240 ordinem
744 1205 895 1237 suum
925 1188 1061 1236 inter
1098 1187 1282 1236 Libros
1314 1186 1498 1236 MStos
1535 1186 1678 1236 haud

160 1282 412 1336 redactus,
466 1280 818 1344 cognitionem
865 1278 981 1344 ejus
1027 1276 1285 1325 fefellerit.
1351 1276 1531 1326 Codex
1591 1277 1679 1325 ille

160 1370 549 1419 Arundelianus
591 1370 728 1435 apud
775 1369 870 1417 hos
914 1376 1115 1417 nostros
1157 1369 1253 1416 sub
1293 1368 1443 1416 titulo
1486 1369 1535 1416 A
1582 1385 1677 1416 nu-

160 1464 440 1510 meratur*.

262 1639 382 1687 Huc
440 1638 600 1686 etiam
636 1636 916 1702 adjiciendi
957 1644 1078 1684 sunt
1118 1643 1223 1684 tres
1263 1635 1484 1683 Codices
1521 1635 1677 1684 Plau-

161 1727 273 1784 tini,
317 1726 407 1792 qui
459 1733 730 1774 servantur
780 1725 833 1772 in
883 1723 1211 1772 Bibliotheca
1258 1723 1371 1772 Viri
1418 1724 1679 1779 Reveren-

162 1814 381 1870 dissimi‚
430 1812 689 1862 Samuelis
738 1811 959 1868 Butleri‚
1005 1810 1257 1876 Episcopi
1313 1809 1466 1859 hodie
1528 1811 1680 1860 Lich-

161 1903 472 1961 fieldiensis3
514 1918 735 1967 quorum
767 1901 968 1949 duobus
1001 1900 1067 1948 ad
1097 1900 1232 1949 hanc
1266 1899 1499 1948 fabulam
1532 1900 1676 1949 illus-

161 1993 401 2043 trandam
438 2009 562 2041 usus
601 2009 733 2046 sum,
777 1991 869 2040 sed
904 2007 1006 2039 non
1044 1991 1143 2039 nisi
1182 1997 1296 2056 post
1322 2007 1376 2038 v.
1404 1997 1517 2048 400,
1559 2008 1678 2040 cu1n

161 2100 222 2132 eo
252 2098 416 2147 usque
448 2081 651 2146 paginae
687 2089 875 2129 nostrae
911 2080 1054 2145 typis
1084 2088 1203 2128 ante
1234 2081 1523 2129 commissae
1557 2080 1675 2138 sint,

163 2188 334 2237 quam,
372 2170 620 2234 singulari
656 2169 1020 2219 benevolentia
1056 2169 1186 2225 Viri,
1225 2185 1373 2234 aeque
1409 2169 1575 2234 ipsius
1613 2169 1678 2218 de

162 2260 345 2309 litteris
394 2258 788 2316 benemerends,
854 2274 1000 2323 aeque
1052 2257 1271 2306 aliorum
1322 2257 1377 2306 in
1431 2274 1486 2306 re
1540 2258 1675 2307 litte-

162 2351 299 2399 raria
330 2348 558 2405 fautoris,
593 2348 735 2396 Libri
766 2347 866 2404 isti,
896 2355 1150 2412 tanquam
1178 2363 1283 2395 non
1315 2346 1414 2395 sibi
1444 2346 1536 2395 sed
1564 2346 1675 2395 orbi

161 2441 387 2489 litterato
433 2439 732 2488 thesaurum
779 2454 1106 2486 communem
1155 2453 1418 2503 possessor
1459 2435 1674 2486 doctiss-

163 2543 277 2575 mus
299 2526 687 2592 comparaverit,
722 2526 901 2574 usibus
923 2525 1111 2574 nostris
1125 2525 1262 2591 jussi
1288 2525 1390 2573 sint
1414 2524 1677 2573 inservire.

163 2617 376 2666 Utinam
422 2634 487 2667 ne
522 2617 684 2666 sterili
726 2633 894 2665 arenae
931 2616 1131 2665 semina
1165 2632 1259 2664 sua
1290 2615 1563 2664 mandasse
1599 2615 1671 2664 vi-

594 2790 615 2809 *
645 2788 746 2826 Vide
777 2788 995 2826 Recensum
1025 2788 1228 2826 Codicum.

267 2847 289 2884 Ι»
