1826 3164
718 271 1053 304 PRAEFA‘no.
1577 255 1648 303 vii

233 386 319 436 De
347 387 523 437 metris
547 388 769 438 breviter
787 388 1030 454 quaedam
1052 386 1271 452 singulis
1293 386 1499 453 paginis
1525 386 1649 435 sub-

127 476 253 541 jeci,
285 492 391 540 qua
424 477 478 524 in
508 493 564 526 re
602 477 645 526 si
682 478 773 542 qui
804 477 955 543 plura
987 475 1168 534 velint,
1200 474 1394 541 adeant
1426 474 1651 540 priorem

136 564 314 614 Bothii
344 565 640 623 editionem,
673 566 904 615 Berolini
942 571 1093 624 18093
1123 564 1215 629 qui
1248 563 1462 628 quidem
1486 563 1652 619 V.D.,

134 662 187 702 et
243 654 501 719 praecipue
556 655 695 718 quod
746 654 813 704 ad
869 663 1036 704 metra
1085 653 1283 711 attinet,
1337 652 1532 718 optime
1587 652 1653 700 de

136 743 340 801 Plauto,
387 743 582 808 optime
627 742 693 791 de
738 742 954 792 eruditis
1003 742 1248 791 omnibus
1299 741 1514 790 meritus
1558 749 1654 790 est.

139 831 313 897 Hujus
357 847 566 896 quoque
611 838 813 880 textum
858 847 1052 896 magna
1097 846 1165 879 ex
1217 838 1365 895 parte
1416 828 1653 887 exhibui,

138 936 308 984 neque
338 919 471 968 inde·
499 936 615 968 sum
645 936 876 984 unquam
909 920 1011 969 nisi
1048 935 1105 969 re
1137 918 1362 968 multum
1394 934 1656 984 perpensa

137 1017 402 1074 evagatus.
472 1009 577 1058 Sed
610 1026 731 1058 cum
763 1010 956 1059 infiniti
992 1026 1128 1075 pene
1157 1008 1329 1075 operis
1364 1007 1522 1057 fuerit
1550 1007 1655 1056 dis-

140 1106 416 1164 crepantes
459 1106 535 1147 tot
575 1098 813 1147 codicum
853 1098 1208 1164 librorumque
1240 1096 1495 1146 lectiones
1531 1113 1656 1146 con-

141 1189 288 1245 ferre,
333 1188 407 1237 ita
447 1204 606 1253 supra
650 1171 914 1237 hominem
959 1196 1111 1245 esset,
1147 1187 1190 1236 si
1230 1186 1375 1237 nullo
1409 1186 1525 1236 loco
1565 1194 1656 1235 aut

141 1294 233 1343 per
276 1276 635 1334 temeritatem,
681 1284 786 1334 aut,
829 1276 971 1341 quod
1025 1283 1055 1303 ‘⁴
1073 1276 1152 1326 fas
1198 1292 1358 1342 opere
1398 1275 1454 1324 in
1500 1275 1658 1340 longo

140 1368 268 1423 est‚'’
315 1383 408 1433 per
444 1366 701 1415 incuriam
739 1356 920 1432 lapsus
958 1375 1110 1416 esset.
1194 1365 1416 1415 Duobus
1460 1366 1657 1430 itaque,

140 1456 228 1506 sed
280 1464 335 1505 et
380 1456 479 1514 his,
531 1464 590 1506 ut
637 1456 692 1504 in
736 1455 913 1505 labore
963 1455 1257 1521 multiplici,
1303 1455 1655 1520 ignoscendis,

142 1546 401 1595 erroribus
451 1562 827 1611 nonnunquam
878 1561 1126 1611 peccasse
1174 1545 1305 1594 mihi
1352 1546 1498 1595 visus
1546 1553 1655 1604 est;

142 1651 329 1699 nempe
358 1634 499 1699 quod
533 1635 733 1700 absque
759 1635 910 1701 justa
939 1635 1068 1684 satis
1101 1651 1261 1684 causa
1285 1634 1559 1700 aliquoties
1592 1635 1659 1684 ab

140 1722 455 1772 editionibus
491 1723 718 1787 vulgatis
754 1723 1068 1789 scriptisque
1103 1723 1260 1772 nimis
1295 1723 1450 1788 longe
1491 1740 1660 1773 reces-

141 1812 296 1871 serit;
339 1819 447 1861 tum
483 1812 623 1877 quod
657 1829 761 1862 non
796 1813 973 1871 semel,
1011 1830 1128 1878 quae
1162 1813 1279 1880 ipse
1314 1813 1437 1863 olim
1470 1814 1660 1864 melius

142 1901 379 1959 ediderit,
432 1917 571 1950 nunc
608 1918 703 1967 per
749 1901 966 1950 nimiam
1015 1902 1422 1952 inconstantiam
1465 1911 1659 1952 temere

142 1991 505 2040 immutaverit.
574 1989 660 2040 Ob
703 1990 798 2039 has
838 2007 1025 2040 causas
1062 2008 1219 2056 quem
1259 1991 1414 2041 hodie
1453 1999 1658 2042 textum

142 2080 351 2147 protuli,
388 2079 579 2146 partim
617 2079 685 2128 ad
715 2079 939 2145 priorem
972 2080 1150 2130 Bothii
1185 2081 1469 2131 editionem
1501 2099 1660 2148 supra

141 2177 492 2227 memoratam,
534 2169 723 2235 partim
764 2169 829 2218 ad
876 2170 1112 2230 alteram,
1149 2171 1341 2238 Lipsiae
1388 2178 1532 2230 1821,
1573 2190 1655 2222 ac-

142 2259 492 2309 commodavi:
524 2275 902 2324 nonnunquam
931 2276 1052 2309 vero
1079 2261 1148 2310 ab
1174 2268 1397 2326 utraque
1425 2262 1657 2320 discessi,

145 2357 197 2398 et
242 2349 516 2398 lectionem
558 2348 641 2398 vel
684 2365 718 2397 a
762 2348 1004 2414 vulgatis,
1054 2350 1136 2398 vel
1187 2350 1314 2400 Mss.
1362 2352 1445 2400 vel
1495 2353 1657 2402 semel

143 2437 288 2487 bisve
326 2437 542 2487 fortasse
580 2454 612 2486 a
647 2437 962 2504 conjecturis
1000 2438 1175 2504 petivi.

246 2616 467 2672 Paucos,
518 2631 684 2681 spero,
743 2623 860 2681 post
911 2633 1117 2666 menses
1167 2618 1411 2683 prodibit,
1470 2619 1655 2670 iisdem

150 2704 285 2753 curis
326 2705 594 2762 instructa,
649 2705 753 2754 alia
796 2722 860 2754 ex
910 2706 1083 2755 Nostri
1128 2706 1350 2765 fabulis;
1403 2709 1470 2758 ad
1516 2712 1655 2775 quod

150 2809 279 2857 opus
316 2810 398 2843 me
433 2794 570 2843 haud
610 2794 803 2843 invitus
837 2795 1122 2858 accingam,
1160 2795 1203 2844 si
1240 2796 1439 2849 interea
1473 2817 1536 2848 ex
1576 2801 1655 2850 his
