1864 3152
665 236 732 277 IN
767 235 1204 279 MENAECHMOS.
1609 235 1690 277 181

245 371 334 410 365·
398 363 770 429 Reliquiarum]
830 373 935 411 Vide
964 374 1097 425 Supra
1113 372 1176 412 66.

243 486 332 525 366.
396 481 521 530 Cum
557 484 760 541 coron-2]
815 490 1046 528 Coronatus.
1101 490 1206 527 Nam
1241 494 1421 540 potantes
1455 500 1618 526 coronas
1657 488 1697 525 in

170 568 299 619 capite
329 569 559 619 gestabant;
591 576 637 607 ut
662 569 816 607 notavit
841 569 988 606 Lina:
1027 568 1151 606 citans
1181 566 1329 617 Amph.
1359 571 1449 609 847.
1502 569 1529 587 “
1538 565 1700 616 Capiam

170 655 343 680 coronam
379 642 434 679 mi
464 642 507 679 in
535 649 677 693 caput‚·
713 655 777 680 me
809 641 1046 680 assimulabo
1076 654 1161 679 esse
1188 640 1380 679 ebrium.”
1434 639 1594 678 Lucret-
1620 639 1700 677 111.

170 722 259 762 925.
312 720 338 738 “
353 715 433 755 Ubi
458 716 706 761 discubuere,
733 722 951 766 tenentque
975 715 1122 753 Pocula
1149 727 1254 765 saepe
1279 713 1471 759 homines,
1499 721 1540 752 et
1569 714 1701 752 inum-

171 792 288 829 brant
314 804 382 828 ora
407 790 586 828 ooronisl’
642 790 741 828 Hor.
762 789 844 828 Sat.
869 790 924 827 ΙΙ.
950 802 1019 827 111.
1039 794 1127 828 255.
1182 788 1343 826 “Potus
1370 795 1416 826 ut
1445 788 1512 827 ille
1541 788 1702 827 Dicitur

171 879 220 905 ex
256 865 356 904 cono
384 865 521 903 furtim
558 865 748 916 carpsisse
779 866 974 903 coronas.”
1028 863 1147 902 Adde
1176 862 1254 901 Od.
1286 863 1316 900 1.
1350 876 1424 902 vu.
1450 870 1513 903 22.
1568 863 1702 903 “Uda

173 941 295 991 Lyaeo
336 940 533 991 Tempora
574 940 746 992 populea
780 940 908 978 fertur
948 939 1120 977 vinxisse
1156 939 1325 976 corona.”
1399 939 1457 977 Ib.
1494 951 1603 978 xvn.
1639 945 1702 983 27.

170 1023 213 1054 et
242 1028 431 1054 xxxvxu.
460 1015 542 1054 init.
596 1015 728 1060 Unde,
757 1022 802 1053 ut
833 1021 873 1053 et
902 1014 1014 1052 Infra
1045 1019 1133 1059 534,
1161 1020 1326 1065 apparet
1359 1013 1430 1051 has
1465 1028 1627 1053 coronas
1653 1029 1702 1054 ex

158 1089 329 1142 flor-ibus
354 1091 592 1142 plerumque
618 1091 741 1128 factas
767 1103 863 1127 esse.

245 1192 333 1236 367.
398 1187 661 1252 Temperi]
719 1197 848 1248 Supra
883 1201 973 1235 350.
1027 1196 1105 1235 ον.
1144 1196 1240 1234 Met.
1276 1195 1351 1234 1v.
1391 1201 1476 1241 198.
1542 1197 1703 1235 “Modo

172 1274 302 1324 surgis
330 1274 417 1311 Eoo
449 1273 670 1325 Temperius
696 1273 830 1312 coelo.”
858 1274 884 1311 i.
902 1288 936 1312 e.
963 1274 1180 1319 maturius;
1210 1274 1286 1324 (too
1311 1272 1430 1324 soon.)

245 1378 334 1418 368.
397 1374 561 1422 Potin’
582 1374 680 1432 ut.]
738 1377 872 1420 Can’t
899 1380 1014 1432 you?
1077 1383 1246 1422 Locutio
1281 1383 1463 1429 Comica;
1507 1390 1549 1422 et
1582 1383 1700 1429 valet,

172 1460 332 1499 Potisne
365 1473 405 1499 es
441 1466 481 1498 ut
516 1461 703 1512 quiescas,
734 1461 760 1498 i.
777 1475 812 1500 e.
844 1462 1011 1500 Potesne
1038 1461 1268 1512 quiescere?
1301 1474 1393 1499 nam
1417 1472 1572 1512 possum
1600 1461 1701 1499 nihil

171 1541 231 1572 est
258 1533 367 1572 aliud
396 1548 515 1585 quam
538 1535 641 1586 potis
667 1548 748 1572 sum
759 1550 777 1578 ;
800 1540 920 1587 potes,
949 1541 1082 1588 potest,
1110 1536 1215 1587 potis
1242 1549 1292 1580 es,
1321 1541 1387 1574 est.
1411 1536 1482 1574 &c.
1537 1536 1700 1575 Trucul.

174 1614 262 1647 858.
316 1609 493 1653 “Potin'‚
524 1615 564 1646 ut
592 1591 910 1648 mihi'molestus
934 1624 984 1649 ne
1008 1611 1111 1648 sis?'’
1166 1611 1288 1649 Merc.
1307 1616 1396 1650 328.
1450 1611 1703 1658 “Quomodo

168 1683 270 1736 potis
300 1684 424 1722 sieml’
454 1684 497 1733 (i.
516 1698 550 1722 e.
575 1684 754 1735 possim.)
810 1685 900 1723 Ter.
934 1685 1059 1723 Andr.
1087 1685 1143 1723 II.
1169 1699 1226 1723 VI.
1248 1684 1285 1724 6.
1339 1685 1507 1724 “Potin’
1538 1701 1578 1725 es
1602 1686 1703 1725 mihi

173 1772 311 1797 verum
330 1759 462 1798 dicere
473 1761 515 1796 ?'’
542 1759 722 1810 (potesne
733 1758 770 1810 ?)
815 1759 918 1796 Eun.
941 1759 974 1796 I.
1001 1772 1050 1797 11.
1068 1764 1132 1798 21.
1185 1764 1211 1782 “
1222 1760 1347 1798 Potin'
1365 1765 1420 1798 est
1437 1760 1503 1799 hic
1520 1762 1703 1800 tacere?”

245 1869 333 1915 369.
399 1863 587 1928 Lepide
611 1863 975 1925 concinnatam]
1031 1869 1188 1923 Nicely
1219 1869 1430 1910 trimmed.
1486 1874 1618 1926 Supra
1638 1876 1702 1916 26.

245 1990 333 2029 378.
399 1980 615 2028 Scortum
661 1982 894 2042 accubui]
966 1990 1076 2028 Infra
1110 1995 1221 2036 1039.
1275 1991 1526 2030 Constructio
1564 1992 1703 2031 eadem

174 2081 276 2117 quae,
303 2067 441 2105 Aulul.
464 2073 548 2106 151.
576 2067 705 2106 Gloss.
750 2073 776 2089 “
788 2068 919 2105 Inhiat
937 2070 1109 2105 aurum-'¹
1150 2067 1244 2106 Sall.
1262 2069 1290 2108 J
1293 2083 1359 2120 ug.
1378 2083 1411 2108 c.
1430 2069 1507 2107 XI.
1554 2075 1582 2092 “
1592 2070 1701 2109 Dex-

173 2149 257 2180 tera
283 2141 542 2179 Adherbalem
568 2142 751 2180 adsedit.’‘
779 2143 850 2180 &c.

246 2250 335 2290 379.
399 2239 595 2298 Heres]
670 2244 766 2285 The
806 2257 1052 2297 posses-son
1099 2258 1258 2286 owner.
1339 2251 1494 2296 Festus,
1539 2253 1561 2265 '’
1574 2251 1703 2290 Heres

172 2324 282 2376 apud
311 2325 495 2376 antiquos
525 2338 600 2376 pro
625 2324 770 2363 domino
798 2326 1061 2376 ponebatur.“
1113 2327 1218 2365 Citat
1251 2327 1379 2366 FAcc:
1411 2328 1439 2366 J
1441 2329 1569 2368 ustin:
1603 2330 1701 2369 Inst.

175 2400 264 2438 Lib.
283 2400 340 2438 ΙΙ.
357 2400 438 2438 Tit.
460 2406 520 2446 19.
545 2400 583 2437 in
596 2400 678 2449 fin.
732 2405 757 2422 “
771 2400 853 2438 Pro
875 2401 1009 2439 herede
1024 2414 1175 2457 gerere,
1204 2409 1264 2440 est
1282 2416 1357 2454 pro
1378 2402 1524 2442 domino
1540 2418 1701 2454 gerere:

174 2460 340 2514 Veteres
366 2476 471 2514 enim
500 2474 676 2514 haeredes
699 2488 774 2527 pro
800 2466 970 2514 dominis
990 2476 1276 2528 appellabant.”
1331 2477 1448 2516 Adde
1475 2492 1523 2516 ex
1550 2479 1699 2518 Luns:

178 2550 320 2589 Bacch.
340 2556 427 2590 812.
482 2550 752 2588 “Exheredem
775 2550 907 2589 fecero
930 2551 1022 2589 vitae
1046 2554 1163 2589 suae.''
1216 2551 1337 2590 Most.
1357 2558 1445 2599 229.
1500 2558 1527 2575 “
1539 2554 1701 2593 Utinam

175 2636 287 2662 meus
321 2637 428 2663 nunc
462 2631 638 2662 mortuos
677 2631 790 2675 pater
824 2625 875 2663 ad
908 2638 972 2664 me
1006 2626 1213 2664 nuntietur
1224 2641 1237 2672 ς
1282 2625 1340 2664 Ut
1373 2640 1450 2678 ego
1484 2627 1702 2667 exheredem

176 2698 274 2736 meis
300 2698 413 2736 bonis
438 2711 503 2736 me
528 2699 670 2737 faciam
697 2706 817 2750 atque
843 2699 928 2738 haec
955 2700 1006 2738 sit
1032 2699 1173 2738 heres?

251 2797 338 2830 380-
403 2786 722 2848 Clanculum]
789 2796 947 2834 Dimin:
976 2811 999 2834 a
1025 2796 1133 2834 clam.
1191 2796 1299 2835 Infra
1325 2803 1411 2836 432.
1439 2799 1509 2837 dcc.
