1864 3152
622 220 688 262 IN
723 218 1172 262 AULULARIAM.
1579 218 1664 262 149

212 364 299 398 328·
363 353 655 418 Agninam.]
717 356 864 397 Lamb-
941 360 1117 399 Subaud.
1157 360 1335 398 Carnem.
1396 357 1496 395 Hor.
1526 358 1604 409 Ep.
1637 358 1667 395 1.

139 454 207 479 xv.
234 447 296 481 35.
352 441 548 480 “Patinas
575 441 755 480 coembat
779 439 915 485 omasi,
944 439 1048 478 Vilis
1075 446 1116 478 et
1142 438 1333 491 agninae.”

221 593 288 600 —
364 561 639 620 Bubulam.]
699 563 821 618 Beef.
884 567 1116 606 ''Bovinam
1135 573 1334 606 carnem.“
1374 567 1480 606 Con.
1502 568 1578 605 Ms.
1611 567 1673 606 lta

139 649 255 688 Cure.
272 654 362 697 371.
415 655 440 671 “
458 648 558 687 Haec
582 655 674 686 sunt
699 646 826 685 ventri
854 646 1131 692 stabilimenta,
1159 660 1274 698 pane,
1303 654 1343 685 et
1366 660 1451 685 assa
1477 646 1654 685 bubula.''

212 774 301 815 329.
367 762 677 822 vitulinam]
737 769 799 808 Sc.
827 769 1009 808 Carnem.
1070 769 1174 807 Veal.

222 920 291 928 --
363 886 577 950 cetum]
638 897 766 942 Cetus,
792 896 837 935 -ἱ,
862 911 914 935 m.
968 897 1094 948 Cujus
1121 897 1175 948 pl.
1232 896 1333 942 Cete,
1355 911 1433 935 -on.
1457 910 1496 934 n.
1551 899 1571 911 ”
1589 897 1671 934 Νο-

140 988 230 1013 men
259 974 441 1025 generale
472 975 650 1014 omnium
677 976 871 1028 majorum
903 975 1075 1027 piscium
1106 976 1237 1021 maris,
1265 975 1486 1027 praesertim
1518 988 1670 1019 eorum,

139 1049 208 1101 'qui
240 1050 396 1095 animal,
426 1063 505 1088 non
532 1064 666 1094 ovum,
695 1051 881 1102 pariunt3
912 1057 956 1088 ut
983 1063 1031 1088 ex
1065 1049 1164 1088 Plin.
1192 1049 1283 1088 Lib.
1307 1049 1380 1087 IX.
1409 1062 1441 1087 c.
1467 1054 1533 1094 24,
1560 1047 1670 1087 colli-

138 1124 269 1174 gitur:
300 1125 438 1175 quales
457 1132 549 1163 sunt
565 1124 730 1170 balenae,
749 1138 864 1169 orcae,
887 1123 1044 1174 thynni,
1072 1123 1228 1174 pristes,
1254 1121 1447 1173 delphini,
1475 1128 1516 1160 et
1532 1121 1672 1173 hujus-

138 1197 287 1237 modi.“
340 1198 460 1237 Face.
517 1199 653 1237 Paullo
687 1199 801 1238 aliter
833 1198 992 1237 Gnaev:
1027 1197 1207 1243 ''Ceium,
1242 1196 1325 1234 κατ’
1354 1195 1499 1250 ἐξοχῆν
1528 1196 1675 1236 dicitur

140 1274 334 1326 thynnina
361 1288 472 1321 caro3
500 1273 650 1320 cetarii,
678 1281 718 1313 et
742 1273 912 1318 bolonae,
938 1272 1128 1311 dicuntur
1155 1271 1225 1323 qui
1253 1271 1475 1310 vendunt.“

224 1413 290 1420 --
366 1381 661 1444 Porcinam]
720 1393 784 1432 Sc.
811 1393 995 1431 Carnem.
1053 1390 1170 1430 Pork.

212 1516 301 1550 331.
365 1502 509 1564 Qui]
568 1504 688 1553 Abl.
731 1508 1047 1550 Wherewithal.
1103 1510 1236 1562 Supra
1261 1509 1350 1549 265.

211 1642 300 1675 332.
365 1626 611 1694 Impuria]
682 1634 776 1675 The
797 1634 977 1674 rasa-als.
1044 1635 1262 1680 Sceleratis.
1298 1635 1411 1673 Asin.
1431 1640 1521 1674 453.
1553 1636 1673 1674 “Im-

136 1731 246 1770 pure,
272 1716 400 1764 nihili,
427 1729 506 1754 non
534 1715 647 1754 vides
673 1715 787 1753 irasci
796 1716 839 1752 ?''
884 1713 976 1752 Alia
999 1727 1063 1752 res
1090 1721 1151 1752 est
1175 1713 1406 1766 impuratus,
1434 1713 1565 1765 Supra
1581 1719 1672 1753 313.

222 1864 289 1872 —
361 1831 487 1880 Adii
529 1828 764 1890 manum]
840 1839 968 1878 Gloss.
1005 1839 1103 1878 Cod.
1145 1840 1201 1878 H.
1228 1845 1264 1878 2.
1329 1839 1457 1878 ”Abii
1502 1839 1673 1879 inanis.“

138 1917 245 1957 Vide
262 1919 376 1956 Nott.
431 1919 454 1932 ’'
467 1916 588 1956 Adire
610 1930 762 1954 manum
783 1915 903 1954 alicui
926 1916 1074 1956 dicitur
1096 1917 1143 1962 is,
1172 1917 1241 1968 qui
1261 1916 1358 1968 quid
1383 1916 1454 1964 illi,
1483 1924 1673 1969 tanquam

138 1979 180 2031 in
207 2006 369 2031 manum
397 1991 629 2038 traditurus,
656 1997 849 2036 ostentet3
879 2003 1052 2042 cumque
1077 1990 1143 2029 ille
1168 2004 1331 2029 manum
1356 1990 1410 2029 ad
1435 1991 1674 2043 capiendum

137 2054 369 2118 porrexerit,
406 2077 517 2102 suam
548 2063 634 2114 ipse
668 2075 830 2101 manum
860 2069 967 2101 retro
997 2063 1131 2110 trahit,
1167 2077 1340 2116 eumque
1368 2064 1527 2103 inanem
1553 2072 1675 2117 atque

138 2139 313 2178 hiantem
348 2137 569 2177 destituit.“
623 2137 800 2174 Mumrr.
852 2135 943 2174 Nec
977 2142 1109 2174 tamen
1149 2135 1240 2174 ideo
1274 2124 1578 2187 intelligendum
1612 2143 1675 2175 est

138 2228 292 2252 manum
314 2212 535 2252 necessario
556 2210 716 2257 aditam,
741 2211 781 2248 h.
800 2225 835 2250 e.
857 2217 1080 2262 porrectam
1106 2225 1203 2256 esse,
1231 2223 1323 2250 cum
1343 2210 1481 2249 similis
1504 2211 1672 2263 phrasis,

139 2289 254 2328 verba
272 2289 380 2335 dare,
398 2287 507 2326 haud
519 2300 609 2326 raro
626 2300 700 2339 pro
717 2285 891 2338 decipere
910 2293 1138 2338 usurpetur,
1158 2286 1319 2338 quando
1335 2285 1419 2324 οὐδὲ
1436 2286 1505 2338 γρδ
1520 2286 1672 2326 editum

137 2359 283 2406 fuerit;
325 2359 377 2398 de
405 2372 486 2410 quo
513 2358 621 2397 Vide
648 2358 744 2396 Aul.
774 2358 876 2397 Gell.
902 2358 968 2397 cit.
998 2358 1040 2396 in
1067 2372 1105 2396 v·
1131 2363 1195 2404 23,
1229 2359 1370 2411 Supra.
1422 2358 1505 2398 Sed
1535 2359 1673 2411 paullo

136 2435 251 2474 aliter
272 2431 513 2473 PanzLex.
538 2432 668 2472 Plaut.
695 2433 735 2471 in
762 2447 847 2472 voc.
885 2433 1035 2472 Manus
1058 2432 1169 2472 adire
1178 2447 1197 2476 ;
1226 2433 1423 2473 ”Dicitur
1447 2433 1498 2473 de
1515 2447 1576 2480 eo,
1601 2435 1672 2486 qui

135 2511 304 2550 alterum
339 2511 566 2556 fmstratur,
589 2517 645 2549 -et
678 2509 829 2562 decipit
840 2524 853 2556 ;
890 2510 1014 2562 idque
1044 2509 1258 2549 calliditate
1290 2523 1454 2549 summa.
1505 2511 1674 2563 Sumpta

138 2585 368 2637 metaphora
397 2598 422 2622 α
452 2597 494 2622 re
522 2582 718 2630 athletica,
750 2583 791 2622 in
821 2598 901 2635 qua
928 2598 1082 2623 manum
1111 2583 1222 2622 adire
1248 2583 1317 2636 [to
1342 2585 1459 2624 make
1485 2599 1508 2624 a
1534 2585 1673 2639 feint,]

137 2662 232 2700 artis
262 2662 399 2700 forsan
434 2661 648 2713 praecipuae
677 2660 811 2705 fuerit,
849 2668 888 2699 et
918 2660 1125 2699 industriae
1158 2659 1369 2698 callidioris
1397 2660 1447 2698 ad
1474 2673 1671 2712 occupan-

139 2735 274 2773 dum.“
327 2736 430 2773 Tum
450 2735 556 2780 citat,
582 2736 666 2773 Cas.
689 2741 773 2778 778.
824 2743 848 2758 “
865 2735 986 2774 Satin'
1006 2735 1138 2786 lepide
1158 2734 1265 2773 adita
1286 2741 1339 2773 es!
1360 2734 1462 2773 vobis
1482 2747 1616 2772 manus
1626 2735 1673 2772 ‚9⁰
