1864 3152
629 275 697 315 IN
732 273 1188 316 AULULARIAM.
1580 275 1665 330 167

140 403 334 448 culorum,
366 410 406 441 et
435 403 564 454 majus
594 410 666 441 est.
720 403 866 440 Contra
887 402 1004 440 Con:
1036 402 1128 440 Me:
1163 402 1478 449 “Sarcinatores‚
1506 401 1575 453 qui
1605 415 1670 440 ve-

141 476 244 514 hunt
260 475 441 515 sarcinas
464 476 504 514 in
523 476 749 516 curribus.“
802 475 910 515 Citat
928 475 1024 514 eod.
1046 476 1100 515 H.
1118 475 1155 515 6.
1182 476 1223 514 in
1242 488 1366 527 marg.
1386 475 1521 528 Papiae
1541 476 1669 515 Gloss-

140 550 356 596 ”Sardum
392 563 523 596 onera,
559 551 776 602 pondera.“
830 550 1103 589 Nihilominus
1131 550 1303 602 priorem
1335 551 1443 589 vocis
1473 550 1669 602 significa-

140 624 301 669 tionem,
329 624 405 663 hoc
431 624 569 664 saltem
595 625 694 671 loco,
722 633 769 664 ut
795 626 921 677 magis
948 625 1129 663 idoneam
1156 625 1444 676 praeferendam
1471 626 1618 664 censui.

215 748 304 787 470.
369 738 687 802 strophiarii]
764 743 1127 784 Bodice-makere.
1198 747 1306 784 Infra
1341 752 1428 786 480.
1499 747 1670 793 Nonius,

143 826 238 876 Cap.
260 825 375 863 XIV.
394 830 429 864 8.
459 826 480 839 ''
489 825 721 878 Strophium,
740 834 799 864 est
816 826 937 864 fascia
954 826 1099 871 brevis,
1119 839 1209 877 quae
1223 826 1457 876 virginalem
1474 834 1671 866 tumorem

140 901 300 939 cohibet
338 901 619 953 papillarum.“
672 902 732 952 (A
769 902 1022 954 stomacher.)
1076 902 1218 941 Catull.
1258 903 1386 940 Carm-
1422 904 1484 943 62.
1539 910 1564 926 “
1581 905 1671 942 Non

140 976 254 1014 tereti
281 975 450 1028 strophio
467 975 656 1015 lactentes
674 977 808 1015 vincta
823 976 1026 1028 papillas.”
1064 976 1195 1015 Graeci
1215 979 1355 1013 ταινίαν
1373 984 1526 1015 vocant.
1571 977 1672 1016 Haec

141 1064 191 1089 ex
226 1051 330 1089 PAR:
369 1052 464 1090 Lex.
502 1051 632 1090 Plaut.
666 1052 735 1090 ubi
766 1052 883 1104 plura
918 1051 1064 1090 videsis
1099 1051 1141 1089 in
1170 1051 1244 1090 hac
1275 1065 1381 1091 voce.
1435 1053 1550 1091 con:
1581 1054 1670 1092 Ms:

140 1123 426 1176 ”Str-ophian‘i,
455 1125 526 1176 qui
552 1124 704 1164 faciunt
730 1124 891 1176 cingula
916 1123 1035 1163 lata.“

225 1276 294 1284 —
370 1245 713 1304 Semizonarii.]
782 1250 1138 1304 Apron-mulcere.
1207 1255 1290 1302 Qui
1334 1256 1497 1295 zonulas
1540 1257 1673 1296 minus

142 1330 308 1368 dimidio
325 1331 435 1376 latas,
463 1345 585 1383 quam
597 1331 708 1383 justa
725 1345 826 1370 zona
842 1339 915 1378 est,
933 1332 1103 1371 faciunt:
1133 1347 1223 1384 quae
1240 1333 1474 1373 semicinctia
1494 1335 1671 1388 (kirtles)

142 1405 342 1444 dicuntur.
399 1405 501 1444 PAR.
556 1405 755 1445 Caeterum
789 1406 924 1445 Codd:
969 1409 1236 1452 semisonarii;
1273 1417 1312 1449 et
1347 1410 1404 1450 sic
1438 1413 1552 1451 Con:
1583 1414 1671 1452 Ms:

142 1479 439 1526 ''Semisonarii‚
468 1479 538 1531 qui
564 1480 717 1519 faciunt
743 1480 878 1519 stricta
904 1481 1106 1532 cingula.“

214 1608 302 1647 472.
367 1597 607 1659 Treceni.]
669 1607 776 1647 vide
794 1608 908 1647 Nott.
962 1608 1027 1647 Sic
1045 1609 1186 1648 catun.
1207 1611 1249 1648 e.
1272 1611 1344 1650 lx.
1362 1618 1399 1651 2.
1438 1612 1674 1651 “omnibus

141 1685 239 1724 meis
266 1686 403 1724 amicis
425 1686 615 1725 antistans
644 1687 742 1725 mihi
768 1688 943 1727 millibus
967 1690 1181 1728 trecentis?
1208 1691 1234 1729 i.
1252 1705 1285 1729 e.
1312 1705 1466 1731 summa
1488 1693 1554 1731 vix
1575 1707 1673 1732 enu-

141 1761 338 1799 meranda.
393 1761 451 1800 Et
471 1762 627 1813 XLfin.
683 1763 849 1802 “Simul
875 1764 1082 1816 complexa
1106 1772 1216 1804 tenet
1236 1770 1456 1806 trecentos?
1492 1769 1554 1808 Ib.
1574 1769 1672 1809 XII.

144 1841 170 1858 “
186 1834 550 1887 Hendecasyllabos
566 1842 751 1875 trecentos
767 1839 967 1889 expecta.'’
1021 1839 1120 1876 Hor.
1139 1839 1217 1877 Od.
1236 1839 1315 1878 111.
1336 1853 1392 1878 ιν.
1411 1847 1473 1887 79.
1513 1843 1672 1881 “Ama-

142 1917 268 1948 torem
294 1916 471 1949 trecentae
500 1911 724 1950 Pirithoum
754 1911 942 1951 cohibent
968 1915 1149 1952 catenae.'’
1193 1896 1264 1953 ΔΙ(1.
1294 1916 1375 1954 Sat.
1403 1915 1461 1954 ΙΙ.
1489 1929 1557 1955 111.
1585 1917 1670 1957 116.

144 1991 170 2009 “
184 1987 324 2025 Positis
347 1987 456 2025 intus
482 1987 574 2025 Chii
604 1989 829 2039 veterisque
859 1988 1017 2027 Falerni
1045 1990 1157 2028 Mille
1180 1990 1300 2035 cadis,
1329 1990 1446 2042 (nihil
1472 1994 1566 2043 est‚)
1595 1998 1671 2031 ter-

142 2066 287 2099 centum
314 2061 526 2099 millibus.”
581 2062 661 2100 Ubi
689 2062 900 2100 maximam
927 2063 1081 2114 copiam
1110 2064 1196 2102 vult
1222 2063 1439 2115 designare.

227 2210 295 2217 --
357 2177 682 2241 Phylacistae.]
745 2181 892 2222 Dune-
961 2187 1070 2226 Dicti
1106 2202 1130 2226 a
1164 2187 1360 2238 φυλάσσω,
1406 2190 1500 2240 quia
1536 2191 1671 2229 “atria

144 2265 338 2309 servant,”
366 2263 475 2315 quod
498 2264 554 2302 ait
579 2264 718 2302 Horat.
743 2265 794 2303 de
818 2264 1040 2311 clientibus,
1068 2266 1147 2317 Ep.
1168 2266 1201 2304 1.
1222 2279 1259 2304 v.
1285 2272 1347 2305 31.
1402 2267 1671 2319 Metaphorice

142 2347 276 2378 autem
304 2353 382 2377 vox
410 2346 545 2377 nostro
574 2339 662 2378 loco
689 2347 917 2391 usurpatur,
947 2353 1039 2378 cum
1066 2341 1117 2379 sit
1137 2341 1310 2392 proprie,
1339 2348 1470 2380 custos
1491 2343 1669 2390 carceris,

144 2417 187 2467 (a
207 2416 356 2468 jailer,)
383 2417 452 2468 qui
480 2429 614 2455 servos
642 2417 683 2454 in
707 2417 919 2468 ergastulo,
951 2417 991 2455 h.
1010 2432 1043 2456 e.
1067 2418 1251 2470 phylace,
1279 2418 1418 2470 [Capt.
1437 2419 1551 2472 677.]
1578 2433 1670 2458 con-

144 2493 336 2531 servabat.

219 2620 307 2659 473.
373 2610 679 2672 Limbuarii.]
742 2615 1057 2657 Lace-malem.
1124 2621 1226 2670 (Ani
1258 2620 1489 2665 ammorii,-
1517 2630 1559 2662 et
1586 2623 1669 2662 zim-

144 2695 289 2734 ludarii
300 2711 312 2743 ς
355 2697 462 2736 Vide
498 2698 608 2736 Noti„
644 2697 758 2737 Critt.
799 2698 910 2737 PAR:
952 2700 1048 2738 Lex.
1085 2700 1215 2738 Plaut.
1261 2700 1498 2745 limborarii;
1541 2709 1582 2741 et
1614 2704 1669 2742 ita

145 2771 263 2809 Non:
294 2771 397 2810 Vide
428 2772 571 2824 Infra.)
627 2772 699 2811 Est
729 2787 752 2811 a
786 2772 935 2819 limbus,
967 2775 1009 2824 (a
1040 2774 1182 2825 fringe,
1210 2774 1299 2813 hem
1313 2777 1343 2826 3)
1371 2776 1485 2827 cujus
1512 2784 1670 2816 textura
