1864 3152
592 254 658 295 IN
695 251 1148 294 AULULARIAM.
1549 249 1635 291 125

199 393 260 427 45-
319 379 566 442 Aranei8.]
625 386 832 428 Cobwebs.
888 390 965 428 Ov.
994 389 1091 427 Met.
1122 386 1197 426 lv.
1231 392 1317 433 179.
1373 386 1506 424 “Non
1540 385 1640 423 illud

124 482 224 520 opus
255 469 483 508 tenuissima
510 470 669 508 vineant
697 467 886 514 Stamina,
916 481 995 507 non
1024 479 1178 505 summo
1206 478 1297 517 quae
1317 464 1466 517 pendet
1492 477 1642 502 aranea

122 546 269 597 tigno.”
322 544 432 595 (The
448 544 610 596 spider's
628 543 737 596 meh.)
777 544 882 582 Citat
898 543 1044 581 Lunx:
1073 540 1215 580 Catull.
1233 540 1285 579 ad
1304 540 1459 580 Fabun.
1479 541 1524 580 C.
1541 551 1642 578 1111.

125 626 149 642 “
166 620 267 658 Nam
294 620 352 659 tui
381 619 525 658 Catulli
553 619 699 657 Plenus
722 618 900 657 sacculus
926 624 987 656 est
1012 617 1281 654 aranearum.''
1572 599 1575 601 ,

195 735 258 774 46.
322 730 520 785 Mirum,
552 729 755 793 quium]
818 731 1027 784 strange,
1059 730 1155 771 that
1186 729 1238 770 he
1268 729 1367 770 does
1395 733 1531 771 not...
1568 734 1644 772 Co-

122 818 222 856 mica
250 818 371 856 dictio
397 817 532 855 ironiis
562 817 759 855 serviens:
791 815 889 852 PAR.
920 813 990 865 qui
1011 812 1184 864 plurima
1211 811 1392 863 exempla
1418 825 1467 850 ex
1493 812 1645 852 Nostro

123 893 217 931 citat
225 907 238 939 ς
280 893 372 930 satis
399 892 476 931 erit
495 891 687 936 conferre,
718 889 865 941 Amph.
893 893 979 934 598.
1034 893 1061 910 “
1075 886 1239 933 Mirum,
1266 887 1358 939 quin
1382 895 1422 926 te
1452 888 1645 927 advorsus

121 966 260 1005 dicat.”
316 965 503 1017 (Sti-ange
533 964 690 1010 indeed,
726 964 813 1002 that
847 976 949 1015 your
977 975 1067 999 own
1096 969 1256 1000 servant
1280 961 1424 1000 should
1452 970 1523 1000 not
1550 976 1644 1002 con-

121 1041 263 1080 tradict
293 1054 394 1093 your
429 1039 648 1090 assertion.)
702 1039 799 1077 Cist.
826 1038 913 1077 460.
968 1043 993 1059 “
1005 1036 1168 1083 Mirum,
1197 1035 1289 1088 quin
1316 1049 1414 1087 grex
1445 1037 1644 1077 venalium

119 1119 161 1156 in
188 1118 336 1157 cistella
361 1117 525 1156 infuerit
550 1118 661 1155 una.''
717 1115 844 1165 (Odd,
871 1115 909 1152 if
928 1113 1040 1152 there
1065 1114 1117 1151 be
1142 1120 1254 1151 not..
1269 1114 1306 1164 .)

193 1242 255 1280 47.
318 1229 610 1278 Trivenefica
626 1226 659 1292 !]
726 1232 767 1273 Y
762 1245 819 1272 ou
841 1231 936 1287 hag
951 1230 1005 1284 of
1016 1230 1153 1282 hags!
1203 1229 1374 1282 Interpr.
1401 1231 1524 1282 Angl.
1579 1231 1645 1270 Sic

123 1319 232 1356 Infra
248 1323 336 1357 281.
395 1315 641 1368 Trzfurcg'fer.
683 1314 790 1352 Nam
813 1312 886 1352 Tri
903 1318 1024 1362 auget
1042 1309 1382 1361 significationem.
1421 1309 1487 1347 Sic
1505 1309 1644 1349 Graece

122 1393 321 1446 τρίδουλος,
347 1390 536 1445 τριγέρων,
564 1394 756 1444 τρίπαλαι,
784 1388 931 1440 [Arist.
952 1387 1055 1437 qu.
1084 1385 1223 1436 1153.]
1251 1391 1325 1423 etc.

193 1513 255 1552 49.
320 1497 529 1559 Patior]
594 1504 624 1544 I
650 1502 822 1543 submit.
881 1505 990 1543 Men.
1020 1509 1107 1549 592.
1136 1503 1186 1541 G.

193 1636 255 1669 54.
314 1620 647 1688 Extempulo.]
711 1625 755 1666 F
752 1624 968 1666 orthwith.
1016 1628 1185 1679 Antiqu.
1211 1641 1286 1679 pro
1309 1625 1501 1678 extimplo.
1532 1626 1642 1675 (nam

120 1711 319 1763 tempulum
348 1724 421 1762 pro
452 1710 625 1762 templum
651 1708 848 1752 dicebant,
874 1714 920 1745 ut
943 1706 1106 1745 seculum
1130 1714 1170 1746 et
1194 1705 1344 1751 seclum,
1372 1705 1571 1744 nuculeum
1602 1713 1646 1743 et

120 1785 300 1830 nucleum,
333 1784 475 1838 [Cure.
494 1784 582 1836 55.]
602 1781 827 1835 periculum,
849 1780 1049 1833 periclum,
1071 1783 1164 1833 &c.)
1218 1782 1414 1819 Caeterum
1443 1780 1493 1818 de
1519 1779 1642 1832 hujus

120 1861 226 1899 vocis
253 1860 507 1911 Etymologia
534 1859 628 1898 citat
656 1858 768 1896 Pla:
807 1857 971 1895 Meursii
1000 1857 1244 1902 sententiam,
1274 1858 1297 1871 ’'
1310 1855 1423 1894 Nihil
1451 1862 1511 1894 est
1535 1853 1644 1893 aliud

118 1932 299 1984 extemplo
330 1945 449 1984 quam
480 1931 566 1970 ilico
594 1930 848 1969 adverbium:
882 1929 991 1982 quod
1015 1944 1036 1968 e
1060 1930 1139 1968 loco
1164 1930 1474 1981 interpretantur
1502 1928 1643 1966 Gram-

118 1997 275 2048 matici:
316 2008 449 2060 [Men.
477 2012 566 2053 359.
594 2006 670 2058 G.]
728 2004 921 2057 Templum
957 2005 1065 2043 enim
1099 2004 1253 2055 antiqui
1288 2002 1537 2055 accipiebant
1569 2014 1647 2053 pro

119 2085 205 2123 loco
234 2083 371 2136 patulo
402 2090 442 2121 et
471 2081 697 2134 conspicuo,
726 2080 790 2118 vel
818 2093 867 2119 ex
896 2093 977 2131 quo
1003 2080 1047 2117 in
1074 2092 1210 2118 omnes
1237 2085 1367 2130 partes
1394 2076 1643 2128 circumspici

118 2160 291 2208 posset.“
343 2154 469 2192 Addit
504 2154 634 2193 FAcc:
673 2152 779 2191 hunc
815 2152 950 2197 citans,
980 2151 1153 2203 ”Itaque
1179 2158 1225 2189 ut
1250 2165 1270 2189 e
1294 2150 1450 2202 vestigio
1475 2149 1646 2188 dicimus

118 2245 193 2282 pro
218 2229 347 2268 statim
356 2243 375 2272 ;
405 2229 461 2267 ita
486 2227 572 2266 ilico
597 2228 623 2265 i.
642 2241 676 2266 e.
700 2241 720 2265 e
742 2226 833 2272 loco,
861 2233 902 2264 et
925 2225 1116 2278 memph.
1169 2225 1294 2264 Porro
1317 2225 1392 2263 hac
1415 2223 1566 2262 ratione
1591 2224 1643 2261 ab

118 2306 295 2358 auguriis
325 2305 488 2343 fortasse
516 2303 635 2342 traxit
664 2302 872 2353 originem,
900 2301 942 2339 in
973 2301 1120 2353 quibus
1147 2315 1331 2353 augures,
1364 2300 1542 2352 auspicio
1567 2299 1643 2337 im-

119 2387 284 2431 petrato,
312 2379 485 2417 continuo
511 2391 556 2415 ea·
581 2376 715 2428 templo
741 2381 852 2427 capto
878 2374 1133 2421 discedebant,
1161 2374 1282 2413 deum
1304 2374 1547 2426 exploratam
1575 2386 1645 2411 vo-

120 2457 309 2495 luntatem
335 2453 596 2494 nuntiaturi.“

194 2563 256 2603 56.
318 2553 609 2616 pistillum]
669 2559 707 2601 Α
726 2561 874 2614 pestle.
935 2563 975 2601 A
998 2563 1100 2615 piso,
1129 2562 1211 2612 (To
1237 2562 1411 2614 pound.)

194 2705 257 2711 —
315 2671 642 2733 Mortarium]
702 2677 739 2718 A
770 2682 946 2719 mortar.
1003 2680 1090 2718 “In
1118 2693 1198 2731 quo
1228 2686 1412 2718 teruntur
1442 2692 1532 2730 quae
1565 2678 1642 2717 sol-

122 2763 248 2802 venda
286 2764 412 2802 sunt.'’
445 2762 549 2800 Non.
585 2776 617 2800 c.
643 2774 708 2799 xv.
746 2760 808 2798 all.
840 2760 879 2798 h.
899 2767 926 2797 t.
984 2759 1147 2796 Ducunt
1194 2756 1385 2807 Etymoll.
1412 2756 1474 2795 vel
1509 2769 1533 2794 a
1565 2768 1644 2793 mo-
