1864 3152
626 247 690 288 IN
728 245 1166 288 MENAECHMOS.
1568 243 1655 284 ‘215

213 409 279 416 ——
354 381 509 428 Solem
543 383 796 440 occasum]
842 388 948 427 Vide
977 388 1104 439 Supra
1132 393 1220 426 342.

201 510 290 550 921.
357 499 570 547 Emittas
600 497 783 559 manu.]
856 501 962 543 Give
988 515 1054 542 me
1082 514 1152 554 my
1171 498 1381 554 freedom.
1446 499 1556 538 Infra
1574 505 1662 545 941.

130 588 332 626 Libertate
363 585 540 624 donabis.
595 583 825 636 Aliquando
860 584 1039 622 absolute
1073 583 1198 621 emitto
1228 581 1303 620 hoc
1335 593 1452 619 sensu
1480 579 1662 617 occurrit.

133 663 225 702 Ter.
256 662 429 714 Adelph.
453 662 501 698 V.
527 673 606 700 vn.
635 666 693 706 19.
741 665 767 682 “
781 659 903 697 Haud
931 658 1101 697 dubium
1126 664 1198 703 est,
1232 657 1331 708 quin
1357 654 1474 694 emitti
1502 667 1663 706 aequum

132 740 239 778 siet.’'
282 738 392 776 Infra
410 739 498 783 953.
546 734 758 773 “Amisisti
779 734 987 772 liberum.’'
1031 732 1129 770 Aul.
1151 737 1237 775 773.
1286 736 1312 753 “
1326 730 1463 769 orabo
1480 736 1527 768 ut
1552 743 1664 767 manu

131 828 194 852 me
212 813 372 850 mittat.”
429 811 539 849 Hinc
556 809 793 854 manumitto,
821 806 1078 845 manumissio.

204 927 293 968 924.
358 914 471 963 Non
518 921 643 961 taces
657 912 703 974 P]
777 923 798 937 ’'
814 920 1002 959 Formula
1044 918 1204 957 mentiri
1249 917 1379 955 visum
1426 917 1490 955 vel
1533 916 1668 968 inepte

131 1005 307 1043 locutum
357 1001 650 1054 corripientis.“
700 1000 837 1038 Rom.
879 999 950 1051 qui
1005 998 1171 1042 confert,
1223 997 1346 1035 Merc.
1393 1001 1481 1040 474.
1538 996 1666 1034 “Non

131 1079 267 1118 taces?
323 1077 430 1116 Cave
465 1083 511 1115 tu
547 1076 650 1114 istuc
685 1074 825 1114 dixis.''
879 1074 933 1112 Et
962 1073 1074 1111 Trin.
1101 1077 1188 1111 484.
1236 1070 1409 1109 “Etiam
1440 1076 1480 1108 tu
1512 1071 1667 1109 taces?'’

132 1154 270 1193 Addas
301 1151 448 1203 Amph.
477 1155 566 1190 548.
595 1151 648 1188 A.
701 1155 725 1171 “
743 1149 962 1199 Nunquam
996 1148 1149 1186 factum
1185 1152 1255 1186 est.
1311 1145 1351 1183 S.
1381 1144 1470 1183 Non
1507 1150 1610 1183 taces
1622 1145 1668 1183 „9”

132 1232 244 1282 (quae
271 1228 465 1267 sententia
491 1226 651 1270 rectius,
681 1224 813 1269 credo,
843 1224 1089 1267 Alcumenae,
1124 1235 1258 1273 quam,
1287 1228 1334 1259 ut
1354 1234 1463 1260 nunc
1490 1220 1532 1258 in
1554 1221 1668 1260 libris

132 1306 249 1345 editis
275 1305 425 1343 factum
453 1310 524 1349 est,
554 1300 675 1340 Sosiae
702 1299 929 1349 referatur.)

205 1430 294 1470 930-
359 1417 597 1476 Gaudeo]
656 1424 872 1476 Συγχαίρω.
930 1421 1119 1459 Formula
1149 1427 1209 1459 est
1234 1420 1471 1472 gratulantis
1502 1420 1544 1458 in
1573 1421 1668 1459 alte-

133 1508 216 1546 rius
234 1508 353 1546 rebus
373 1504 568 1544 secundis.
623 1502 732 1541 Rud.
756 1508 867 1546 1273.
916 1506 941 1523 “
954 1501 1089 1547 Quom
1107 1499 1217 1538 istaec
1234 1512 1297 1537 res
1314 1498 1389 1536 tibi
1408 1511 1457 1536 ex
1476 1499 1670 1538 sententia

133 1583 271 1634 pulcre
289 1581 434 1625 evenit,
459 1578 644 1632 gaudeo.'’
701 1577 738 1628 (I
757 1577 850 1628 give
869 1589 950 1626 you
964 1575 1070 1626 joy.)

207 1709 295 1750 932.
360 1696 515 1760 Apud
543 1694 631 1755 ἴα]
687 1697 746 1738 At
774 1709 887 1750 your
916 1696 1061 1736 house.
1119 1700 1251 1751 Supra
1277 1705 1366 1739 218.
1396 1701 1467 1738 &c.

206 1826 294 1867 934.
359 1811 718 1877 Obsignatum.]
763 1813 922 1855 Sealed
944 1826 1020 1866 up.
1067 1817 1216 1869 Amph.
1235 1817 1324 1857 268.
1354 1823 1380 1840 “
1393 1818 1441 1855 In
1461 1817 1666 1862 cistellula,

133 1900 440 1954 Amphitruonis
466 1899 666 1950 obsignata
696 1897 809 1947 signo
835 1898 929 1934 est.''
985 1895 1086 1934 Ibid.
1115 1894 1203 1935 622.
1231 1897 1303 1934 &c.

207 2019 297 2059 939.
362 2005 495 2052 Mira
526 2006 674 2064 sunt]
746 2013 875 2063 Supra
915 2017 1003 2055 272.
1063 2011 1175 2049 Infra
1220 2017 1330 2051 1002.
1397 2011 1543 2063 Amph.
1584 2017 1668 2051 130.

137 2102 162 2118 “
179 2095 289 2132 Mira
313 2098 415 2137 Sunt,
440 2092 517 2129 nisi
543 2091 728 2128 invitavit
753 2104 836 2129 sese
858 2090 900 2127 in
929 2103 1041 2127 coena
1067 2089 1331 2140 plusculum.'’
1388 2089 1530 2127 Pseud.
1559 2095 1669 2134 1209.

137 2169 285 2207 “Mira
311 2173 411 2210 sunt,
439 2167 480 2204 ni
511 2165 793 2204 Pseudolu'st.'’

210 2284 299 2325 945.
363 2270 534 2319 Nihilo
558 2272 742 2332 secius]
798 2275 871 2316 No
893 2276 1129 2316 otherwise.
1190 2279 1308 2317 Secus
1336 2290 1507 2329 compar.
1535 2277 1670 2317 secius.

137 2361 218 2400 Alii
254 2373 349 2398 vero
384 2358 544 2397 aliunde
579 2358 745 2396 ductum
781 2358 931 2395 volunt.
986 2356 1142 2395 Videsis
1170 2356 1212 2394 in
1245 2355 1360 2406 Virg.
1389 2355 1439 2393 G.
1471 2355 1548 2393 ΙΙΙ.
1581 2354 1670 2399 367.

138 2441 164 2458 “
178 2437 333 2475 Interea
358 2441 442 2473 toto
469 2448 540 2472 non
567 2433 687 2471 secius
712 2445 801 2471 aere
827 2433 993 2483 ningit.”

211 2545 300 2591 946·
366 2536 655 2599 suscenset]
715 2542 763 2583 IS
794 2544 845 2583 i‘n
877 2557 905 2583 a
932 2545 1020 2596 pet.
1079 2545 1209 2583 Aliter
1245 2545 1438 2596 scriptum
1472 2550 1671 2583 succenset.

140 2628 328 2666 Nostram
351 2628 465 2666 verbi
494 2628 661 2665 formam
689 2626 833 2677 passim
862 2624 970 2675 apud
998 2623 1168 2662 Terent:
1203 2622 1314 2661 dedit
1340 2622 1556 2660 Bentleius.
1610 2622 1672 2660 Ita

139 2703 312 2754 suscipio,
340 2710 380 2740 et
407 2702 587 2753 succipiffi
616 2701 815 2751 leguntur.

214 2823 305 2861 950.
368 2813 604 2860 Ferebant
628 2806 919 2868 sublimem]
978 2817 1105 2865 Supra
1133 2820 1220 2860 890.
1276 2815 1404 2856 Gloss.
