1864 3152
730 260 1129 305 AULULARIA.
1662 259 1718 313 47

275 390 369 438 Sed
400 390 516 454 quid
550 390 673 453 ego?
710 396 894 453 apertas
927 386 1049 435 aedes
1083 392 1265 433 nostras
1299 385 1571 448 conspicor?

274 475 344 522 Et
366 474 591 538 strepitus
621 479 692 520 est
717 473 878 520 intus:
915 485 1142 518 numnam
1174 480 1261 532 ego
1287 466 1512 531 compilor
1539 467 1716 514 miser?

143 557 233 605 CO.
271 557 454 605 Aulam
490 558 728 619 maj0rem,
764 555 803 602 si
837 561 989 618 potes,
1024 552 1242 599 viciniam

272 641 423 688 Pete:
459 638 557 687 haec
579 655 720 702 parva
743 645 843 693 θεῖς
880 653 1043 700 capere
1067 651 1159 682 non
1186 635 1307 698 quit.

273 807 404 854 Perii
439 805 618 854 hercle!
654 821 819 853 aurum
854 804 1059 867 rapitur!
1095 802 1205 850 aula
1239 801 1491 864 quaeritur!

1420 716 1522 764 Hei
1546 713 1666 762 mihi
1684 716 1693 762 !

1650 803 1727 842 346

1279 717 1381 764 Eu.

273 890 513 938 Nimirum
556 889 751 943 occidor,
785 889 877 935 nisi
908 903 995 951 ego
1026 887 1153 934 intro
1180 885 1274 933 huc
1306 901 1500 948 propere
1531 899 1726 947 propero

470 990 652 1021 currere
668 975 676 1019 !
748 997 751 999 ·

270 1057 459 1121 Apollo,
495 1073 661 1120 quaeso,
699 1055 895 1129 subveni
929 1055 995 1101 mi
1031 1062 1174 1117 atque
1207 1053 1393 1116 adjuva,

202 1192 228 1209 v.
244 1186 298 1210 m
332 1184 376 1210 ιιι
396 1184 467 1209 usa
502 1183 698 1209 numantina.
723 1182 992 1214 sanam—³44
1020 1181 1050 1205 sn·
1062 1182 1144 1212 potes,
1162 1187 1257 1205 omnes
1274 1178 1358 1204 com
1378 1178 1434 1204 no:
1449 1177 1725 1210 potat—Vicinium,

138 1225 245 1251 Novem
261 1225 344 1250 codd.
361 1225 451 1250 Νασα-
476 1228 504 1250 et
524 1228 577 1250 uu
601 1223 701 1249 ded.
729 1223 924 1252 Bo:u‘cim‘o‚
949 1221 1148 1253 quodhabent,
1166 1221 1236 1245 Η.6.
1256 1220 1327 1245 Rl.

1352 1217 1728 1248 nummatam

137 1265 644 1292 ommaudoexamlineola
666 1264 986 1297 wiluva-Sumu-
1012 1267 1053 1288 est
1075 1269 1125 1294 pto
1147 1261 1470 1293 unmnmpumipt.
1494 1260 1581 1285 etsie
1602 1260 1727 1285 flodoin

140 1305 1334 1339 umectat.etc‚mxtimirrepdtvfeinia.—³‡⁵.Bo:1ioecaeparva‚
1359 1306 1455 1329 coum
1480 1302 1728 1328 namucenc—

137 1353 192 1380 347.
228 1348 873 1382 Ρνφεηιιιῑερνορσοίωευεωιιῑθωίειω.
898 1348 1005 1380 ιὶῒκιιιε,
1027 1346 1227 1372 sedinNostris
1243 1345 1353 1377 scriptis
1372 1347 1572 1376 [ιοιιψραιεῐς
1594 1345 1727 1369 omum

141 1393 211 1418 vide
227 1393 256 1417 in
272 1392 348 1418 Non.

215 1494 303 1527 342.
359 1486 437 1527 Sed
467 1487 561 1539 quid
585 1501 653 1539 ego
664 1487 713 1539 ἓ]
756 1486 821 1525 Sic
838 1487 898 1524 in-

135 1551 472 1603 terpungendum,
518 1551 627 1602 quod
662 1550 898 1601 exquisitius

137 1618 197 1649 est
226 1624 345 1661 quam
378 1610 486 1661 vulg.
542 1616 569 1633 “
588 1610 667 1649 Sed
700 1610 799 1661 quid
822 1623 898 1661 ego

136 1677 313 1727 apertas'’
340 1683 415 1714 etc.
444 1683 483 1714 et
506 1675 632 1726 magis
651 1674 893 1712 Plautinum.

138 1739 340 1790 Exprimit
356 1739 462 1777 enim
482 1738 654 1776 subitam
681 1745 722 1776 et
745 1737 893 1775 violen-

135 1810 216 1841 tam
234 1801 356 1840 animi
373 1801 711 1853 perturbationem
729 1808 776 1839 ut
793 1800 835 1838 in
851 1813 895 1839 re

135 1879 210 1904 nec
222 1865 392 1917 opinata.
421 1865 535 1903 Conf.
549 1865 656 1903 Men.
669 1863 758 1903 366.
778 1870 805 1887 “
818 1864 895 1902 Sed

137 1927 231 1980 quid
259 1940 328 1978 ego
342 1926 364 1964 ‚9
407 1926 523 1965 video
552 1926 893 1965 Menaechmum?”

135 1991 252 2029 Curc-
297 1989 386 2034 607.
461 1989 607 2032 “Quid
651 1990 752 2041 ego?
818 1990 893 2027 sub

134 2053 330 2102 gemman'
376 2053 577 2091 abstrusos
622 2051 750 2090 habeo
783 2059 892 2090 tuam

134 2121 300 2153 matrem
318 2117 581 2167 εἰραῑῐεωὲ”
610 2115 754 2154 Pseud.
783 2119 894 2154 1281.
932 2137 933 2140 =

136 2176 253 2215 “Sed
274 2177 368 2230 quid
396 2177 497 2216 hoc?
535 2178 764 2229 quomodo?
803 2177 897 2230 quid

136 2246 200 2278 tu
190 2240 212 2268 9
241 2241 360 2279 video
377 2254 495 2292 ego..
509 2243 582 2279 .?”

188 2319 276 2354 343.
341 2313 535 2353 Numnam
565 2328 634 2367 ego
658 2315 836 2368 compilor
848 2316 895 2368 2]

134 2377 371 2428 Emphatice
408 2377 572 2417 dictum.
622 2384 635 2400 ‘
654 2378 799 2430 Surely
818 2379 892 2416 I'm

135 2446 206 2477 not
228 2439 394 2486 robbed‚
423 2453 488 2478 am
518 2440 578 2478 I?’
638 2440 770 2492 Supra
806 2447 891 2487 199.

137 2508 164 2525 “
180 2502 283 2541 Num
308 2518 384 2555 ego
414 2504 631 2559 disperii?”

188 2587 277 2620 344.
309 2582 534 2637 Vicinium]
553 2585 681 2632 Valet,
701 2586 826 2637 Apud
837 2587 895 2624 vi-

136 2643 256 2682 cinos.
284 2643 415 2696 Supra
434 2652 495 2691 57.
525 2646 632 2686 Vide
650 2647 694 2685 N
695 2654 766 2686 ott.
782 2648 896 2687 Critt.

189 2725 277 2759 345.
333 2720 432 2760 Hoec
455 2737 586 2775 parva
616 2724 709 2776 est]
773 2724 895 2763 ‘This

136 2783 169 2820 is
186 2788 246 2821 too
262 2783 398 2822 small.⁸
440 2785 713 2826 Subaudiend.
748 2787 887 2826 Nimis.

967 1477 1023 1516 Ut
1055 1483 1130 1515 tam
1163 1491 1268 1528 saepe
1298 1475 1548 1514 subauditur.
1621 1474 1667 1512 E.
1685 1488 1726 1525 g.

966 1542 1074 1580 Men.
1111 1540 1198 1586 169.
1222 1546 1311 1585 387·
1341 1539 1430 1580 862.
1501 1539 1560 1578 Et
1582 1538 1725 1590 potius,

966 1604 1069 1643 Ibid.
1098 1617 1135 1642 v.
1155 1604 1244 1643 628.
1290 1603 1380 1642 Etc-

1015 1694 1102 1731 347.
1158 1686 1354 1725 Nimirum
1405 1686 1569 1731 occidor,
1622 1686 1724 1738 etc]

962 1752 1026 1790 Ita
1033 1751 1177 1803 Langii
1189 1752 1428 1789 membranae
1439 1750 1600 1795 habent,
1615 1749 1725 1801 quod

961 1828 1100 1855 versus
1116 1816 1273 1867 probat,
1295 1827 1421 1865 quum
1441 1813 1604 1852 senariis
1627 1813 1724 1851 iam-

960 1879 1061 1918 bicis
1086 1877 1352 1930 septenarium
1376 1877 1624 1916 trochaicum
1655 1876 1725 1914 ad-

961 1942 1132 1988 miscuit,
1139 1949 1186 1980 ut
1196 1941 1516 1993 properationem
1527 1940 1632 1979 senis
1640 1953 1723 1978 car-

959 2008 1068 2047 mine
1085 2009 1175 2060 ipso
1194 2007 1447 2047 concitatiore
1474 2007 1725 2059 exprimeret.

963 2072 1070 2110 Tum
1094 2072 1222 2110 simile
1245 2071 1322 2110 hoc
1345 2084 1467 2123 supra
1482 2070 1671 2122 positum,

982 2159 1004 2173 ‘¹
1017 2157 1113 2188 Nunc
1129 2157 1258 2188 domum
1282 2166 1453 2196 properare
1473 2155 1647 2195 propero.”

963 2208 1020 2246 Et
1036 2208 1153 2246 Cure.
1182 2206 1270 2246 536.

983 2285 1003 2298 “
1016 2282 1047 2313 N
1050 2293 1113 2314 unc
1126 2281 1187 2313 nisi
1201 2288 1235 2314 tu
1246 2282 1321 2313 mihi
1335 2293 1465 2321 propere
1484 2291 1632 2320 properas
1649 2281 1724 2312 date

1059 2342 1126 2372 jam
1139 2332 1264 2371 viginta
1277 2332 1414 2364 minas.'’

1249 2381 1421 2414 Gonnus.
1443 2382 1557 2417 Quat.
1574 2381 1684 2413 Plana.

959 2456 1083 2495 Plura
1092 2469 1164 2494 nos
1182 2456 1232 2494 de
1250 2455 1325 2494 hac
1341 2469 1385 2494 re
1402 2455 1510 2493 Men.
1530 2459 1620 2498 773.
1634 2458 1722 2499 913.

1014 2543 1102 2577 348.
1166 2536 1339 2589 Apollo]
1402 2536 1631 2588 Apollinem
1660 2535 1722 2573 in-

962 2609 1077 2640 vocat
1108 2609 1154 2639 ut
1184 2598 1418 2652 α’λεξικακόν,
1449 2599 1489 2637 h.
1508 2613 1541 2638 e.
1595 2599 1723 2638 Malo-

963 2679 1052 2704 rum
1070 2665 1335 2717 depulsorem.
1372 2665 1509 2703 Lm
1538 2664 1605 2703 Ob
1631 2677 1722 2703 ean-

962 2729 1040 2769 den
1059 2742 1216 2769 causam
1236 2728 1338 2768 Hor.
1365 2728 1447 2767 Sat.
1466 2728 1502 2766 1.
1520 2740 1579 2766 rx.
1598 2733 1661 2773 78.

1110 2804 1131 2818 “
1145 2802 1197 2834 Sic
1211 2811 1261 2833 me
1271 2801 1406 2833 servavit
1418 2801 1572 2849 Apollo?
