1864 3152
634 485 1181 546 PRAEFATIO.

249 866 359 915 ,IAM
407 873 511 914 tres
557 864 716 914 ferme
763 863 886 913 anni
936 872 1073 919 sunt,
1125 879 1242 910 cum
1287 861 1444 910 aliam
1486 861 1660 910 Plauti

152 956 380 1005 fabulam
439 955 504 1005 ad
550 955 602 1003 id
661 954 960 1019 exemplum
1015 951 1154 1017 quod
1213 951 1265 998 in
1324 950 1665 1000 Menaechmis

147 1045 363 1094 edendis
409 1043 748 1101 exhibuerim,
808 1060 892 1091 me
944 1058 1137 1107 paucos
1187 1050 1303 1107 post
1354 1057 1559 1089 menses
1610 1041 1663 1088 in

151 1136 320 1184 lucem
367 1134 601 1183 daturum
653 1132 990 1199 promiserim.
1061 1132 1130 1180 Et
1176 1131 1402 1196 quidem,
1457 1131 1500 1179 si
1548 1147 1663 1197 pro-

151 1222 318 1288 posito
382 1239 494 1271 meo
557 1222 765 1270 omnino
827 1221 1101 1278 stetissem,
1163 1237 1255 1268 nec
1321 1219 1420 1267 nisi
1485 1219 1662 1268 Bothii

151 1319 368 1367 textum,
416 1309 633 1374 adjectis
677 1309 869 1358 notulis
914 1308 1244 1373 quibusdam,
1293 1317 1345 1356 et
1390 1308 1664 1357 verborum

152 1400 541 1449 inusitatior-um
586 1399 849 1464 glossario,
909 1397 1204 1454 edidissem,
1263 1396 1479 1445 fortasse
1525 1396 1664 1444 haud

152 1489 398 1554 opinione
440 1505 556 1537 mea
594 1497 646 1537 et
687 1487 953 1553 promissis
1000 1486 1159 1535 falsus
1202 1502 1369 1535 essem
1415 1494 1666 1551 repertus.

152 1576 286 1634 Quis
332 1585 504 1626 autem
549 1577 715 1625 nescit
753 1575 1086 1640 quotidianas
1128 1574 1252 1623 istas
1295 1575 1664 1640 promissorum

153 1679 344 1720 temere
374 1671 651 1719 effusorum
682 1670 1070 1719 frustrationes?
1106 1670 1223 1734 quis
1253 1669 1664 1734 promittentium

152 1761 545 1810 excusationes?
615 1760 749 1818 Quis
801 1777 1032 1825 unquam
1095 1768 1185 1808 aut
1238 1759 1425 1807 librum
1486 1759 1663 1816 edidit,

153 1858 242 1897 aut
298 1865 355 1897 se
418 1848 676 1898 editurum
731 1847 1049 1913 praedicavit‚
1111 1863 1204 1895 nee
1267 1862 1321 1894 se
1381 1846 1666 1894 innumeris

152 1937 537 2004 inopinatisque
575 1936 960 2002 impedimentis
999 1936 1340 2002 praepeditum
1388 1952 1516 1993 esse,
1563 1953 1666 2000 quo

154 2028 325 2075 minus
350 2026 616 2092 promissis
650 2034 823 2082 staret,
863 2033 1109 2090 expertus
1148 2027 1262 2074 est?
1334 2024 1532 2073 Cavere
1571 2025 1663 2088 igi-

154 2124 237 2164 tur
280 2115 333 2163 in
381 2123 659 2180 posterum,
707 2130 804 2162 usu
849 2112 1050 2170 doctus,
1103 2113 1420 2171 meminer03
1470 2113 1666 2161 interea

155 2205 399 2253 lectorem
437 2203 698 2270 placatum
734 2203 907 2252 forsan
941 2203 1186 2260 habuero,
1222 2219 1383 2267 quum
1412 2202 1510 2251 hac
1546 2219 1663 2250 nos-

154 2302 233 2342 tra
266 2293 441 2342 fabula
476 2293 719 2358 perlecta,
763 2292 891 2342 illud
934 2293 1128 2358 optime
1164 2292 1419 2341 monitum
1453 2292 1664 2341 invene-

156 2383 236 2440 rit,
1351 2376 1353 2378 ¹

201 2517 322 2565 “Qui
354 2517 470 2555 homo
502 2518 660 2569 culpam
688 2517 847 2555 admisit
876 2517 917 2555 in
947 2531 1000 2564 se,
1032 2517 1196 2555 nullu'st
1226 2524 1305 2554 tam
1333 2516 1445 2567 parvi
1473 2515 1604 2566 pretii,

239 2597 369 2644 Quem
401 2598 560 2649 pudeat,
591 2612 711 2649 quom
739 2606 883 2649 purget
910 2599 1082 2636 sese.''-—-

259 2705 395 2754 Illud
441 2715 615 2755 tamen
657 2723 807 2771 spero
848 2723 913 2754 ex
956 2721 1098 2753 mora
1135 2710 1310 2751 nostra
1351 2699 1666 2748 beneficium

160 2793 347 2842 Plauto
387 2795 680 2858 contigisse,
728 2803 798 2851 ut,
846 2794 890 2841 si
930 2810 1033 2841 non
1081 2788 1406 2840 emendatior.
1440 2787 1554 2853 ejus
1591 2787 1664 2836 fa-
