1864 3152
646 241 713 283 IN
749 239 1188 282 MENAECHMOS.
1591 234 1680 289 173

151 369 283 408 linteis
296 370 477 408 amiculis
489 370 695 417 intectum,
713 370 917 422 pedesque
931 368 1096 421 palmeis
1109 367 1239 406 baxeis
1256 365 1478 404 in‹lutum.’'
1506 362 1596 401 Lib.
1610 363 1684 400 XI.

153 449 178 466 “
194 445 279 482 Nec
310 444 445 483 deerat
480 445 549 495 qui
578 444 710 495 pallio,
746 444 982 495 baculoque,
1011 452 1052 482 et
1082 442 1222 489 baxeis,
1257 447 1298 479 et
1327 438 1483 477 hircino
1513 435 1686 475 barbitio

155 519 440 570 Philosophum
467 519 671 569 fingeret.''
723 518 785 556 Id.
814 518 903 556 Lib.
931 518 964 556 Ι.
1019 516 1285 560 Floridorum‚
1314 514 1493 552 “Fateor
1518 524 1583 550 me
1611 510 1686 548 sel-

152 593 310 631 lularias
328 601 431 631 artes
449 592 579 630 minus
598 592 770 639 callere,.
784 622 794 630 .
809 593 967 630 ,baxeas
985 592 1031 630 de
1047 596 1200 629 suterna
1218 587 1514 641 praestinare.”“
1548 585 1686 623 LAMB.

227 702 316 734 304.
381 689 671 742 Cantherino
714 690 848 750 ritu.]
925 694 1034 735 Like
1079 707 1107 734 a
1145 691 1338 746 gelding.
1411 695 1547 733 Gnon.
1572 693 1685 732 Lect.

156 779 284 816 Plaut.
325 780 346 793 '’
362 777 560 816 Cantherii
588 777 711 828 [Aul.
729 777 842 828 449]
870 783 962 815 sunt
985 776 1079 827 equi
1104 775 1275 820 castrati,
1304 773 1375 825 qui
1399 787 1490 812 cum
1514 772 1689 811 mascula

153 859 265 904 parte
288 852 439 890 animos
462 853 613 890 feroces
630 851 857 897 amiserunt,
886 858 926 889 et
950 857 1097 888 stantes
1119 848 1275 900 placide
1298 848 1411 899 quasi
1434 848 1688 886 conniventes

155 928 291 974 oculis,
321 927 572 966 somniculosi
597 934 637 965 et
654 926 911 965 dormitantes
936 925 1278 977 conspiciuntur.“
1331 924 1488 969 Festus,
1513 931 1554 962 et
1571 923 1688 961 Varr.

158 1003 220 1040 De
251 1003 307 1040 Re
335 1001 449 1040 Rust.
469 1001 525 1039 ΙΙ.
544 1007 579 1045 7.
634 1003 655 1015 ''
668 1001 774 1052 Equi
799 1001 869 1052 qui
889 1001 1037 1039 semine
1061 1004 1207 1043 carent,
1235 997 1263 1036 ii
1282 996 1445 1036 canterii
1462 997 1689 1048 appellati.“

158 1076 303 1114 Melius
321 1089 344 1113 a
363 1076 505 1114 Graeco
524 1074 712 1120 κανθήλιος
731 1075 947 1113 derivatur.
1003 1074 1112 1112 Hinc
1131 1073 1298 1110 fortasse
1317 1071 1488 1123 Anglice
1505 1075 1651 1109 canter.

242 1203 306 1209 --
378 1175 628 1234 Adstans.]
686 1182 763 1219 Pro
781 1181 910 1232 simpl.
928 1187 1049 1219 stans.
1089 1180 1219 1231 Supra
1238 1178 1345 1216 Prol.
1364 1177 1426 1218 56.
1468 1178 1582 1229 capt.
1601 1177 1690 1222 563„

161 1270 184 1286 “
198 1264 278 1302 Vix
298 1263 406 1301 adsto
423 1276 505 1314 prae
523 1261 773 1300 formidine.''

245 1393 312 1400 —-
392 1358 648 1420 Somniat]
702 1364 904 1405 Dreams.
972 1368 1087 1419 Capt.
1107 1372 1196 1411 775.
1251 1365 1375 1404 “Hic
1403 1364 1570 1417 vigilans
1595 1378 1691 1403 som-

164 1449 282 1488 nial.”
336 1449 484 1500 Amph.
516 1453 603 1487 545.
658 1447 849 1494 “Quaene
878 1445 1044 1497 vigilans
1075 1444 1234 1483 somniat
1246 1444 1294 1482 ‚9'’
1342 1443 1452 1484 Ibid.
1489 1443 1552 1482 Sc.
1590 1442 1693 1490 Quis

158 1534 251 1572 tam,
281 1526 353 1563 ἕω.
381 1538 418 1562 ν.
437 1529 500 1563 51.
553 1522 772 1573 “Vigilans
801 1521 966 1566 dormio,
999 1520 1166 1572 vigilans
1189 1519 1341 1564 somnio,
1370 1519 1483 1556 vivos
1509 1526 1550 1557 et
1575 1531 1694 1557 sanus

159 1600 346 1637 intereo.''
398 1597 491 1636 Ter.
509 1597 638 1635 Andr.
657 1596 709 1634 V.
729 1601 840 1639 v1.⁷7.
895 1595 1044 1632 “Num
1062 1593 1129 1632 ille
1150 1593 1309 1632 somniat
1328 1607 1386 1639 ea,
1416 1607 1506 1644 quae
1524 1593 1694 1644 vigilans

162 1675 289 1712 voluit
299 1676 341 1712 ?''

235 1773 323 1806 305.
388 1759 532 1826 Qui.]
602 1765 736 1817 Why?
791 1769 908 1807 Curc-
928 1774 1016 1808 281.
1062 1773 1087 1790 “
1102 1767 1179 1811 Qui
1198 1769 1288 1807 istic
1305 1768 1517 1807 clamorem
1535 1767 1641 1805 tollis
1651 1768 1694 1805 ?''

161 1849 310 1901 Amph.
329 1848 417 1893 706.
471 1853 496 1870 “
513 1848 643 1886 Nimis
659 1849 807 1886 mirum
824 1857 895 1895 est,
915 1848 982 1900 qui
1000 1848 1058 1886 illi
1076 1848 1312 1887 collubitum
1332 1846 1441 1885 siet.”
1460 1847 1532 1884 &c.

245 1972 312 1979 —
384 1942 576 1990 Inficias
612 1941 717 2003 ira]
790 1950 873 1987 Nos
908 1949 959 1988 ad
994 1950 1175 1994 verbum,
1217 1949 1274 1993 To
1300 1962 1352 1999 go
1387 1953 1424 1986 to
1459 1947 1571 1999 deny.
1623 1948 1698 1986 Est

162 2037 294 2068 autem
326 2028 480 2079 inficias
510 2041 638 2067 accus.
667 2028 772 2079 plur.
803 2029 853 2066 ab
886 2027 1037 2080 irficioe,
1064 2035 1105 2066 et
1131 2027 1259 2065 solum
1286 2026 1362 2065 hoc
1389 2039 1483 2064 casu
1510 2026 1695 2071 occurrit,

164 2105 375 2144 subaudito
402 2105 478 2147 ad;
517 2104 853 2156 quemadmodum
881 2102 1093 2155 suppetias,
1135 2103 1246 2140 Infra
1266 2107 1356 2148 918.
1410 2102 1513 2140 Fere
1548 2101 1696 2140 dicitur

164 2181 215 2219 de
235 2180 284 2218 iis
308 2193 397 2231 quae
416 2178 537 2231 proI›e
559 2178 699 2217 scimus
723 2179 789 2217 sed
802 2178 934 2229 fateri
956 2178 1143 2215 nolumus
1156 2192 1169 2224 ;
1199 2177 1306 2215 unde
1323 2177 1506 2228 plerique
1524 2190 1548 2214 a
1557 2157 1697 2228 fateor

164 2251 330 2302 ducunt,
366 2263 406 2293 et
442 2255 621 2294 scribunt
655 2268 728 2306 per
762 2254 917 2292 literam
954 2258 982 2298 t,
1018 2252 1186 2303 &filia-⁹³
1225 2253 1264 2290 A
1300 2265 1472 2304 quorum
1504 2251 1699 2290 sententia

166 2338 242 2369 stat
276 2330 386 2368 locus
421 2330 462 2367 in
499 2329 645 2367 Cisoell.
677 2333 765 2367 381.
820 2327 961 2374 “Quae
993 2326 1147 2365 dudum
1167 2325 1290 2378 fassa
1318 2333 1379 2364 est
1407 2326 1518 2372 mihi,
1554 2339 1697 2377 quaene

166 2404 316 2455 inficias
334 2405 450 2442 eat?''
505 2404 651 2441 Contra
674 2402 744 2454 qui
765 2415 837 2454 per
859 2415 880 2440 c
905 2401 1096 2446 scribunt,
1116 2401 1270 2439 ducunt
1293 2414 1317 2438 a
1319 2399 1449 2451 facio,
1478 2408 1524 2438 ut
1549 2400 1601 2438 sit
1622 2414 1698 2452 pro

168 2479 205 2516 in
237 2478 411 2524 cim-ari,
440 2480 612 2529 (nempe,
643 2490 733 2528 quae
746 2475 909 2527 feceris,
926 2466 985 2514 'ea
1010 2483 1050 2514 te
1077 2489 1147 2514 non
1161 2475 1309 2527 fecisse
1335 2474 1586 2527 asseverare.)
1640 2475 1698 2514 Et

167 2553 253 2591 haec
276 2553 407 2604 potior
432 2551 684 2603 etymologia,
713 2543 849 2589 vel'ob
873 2550 981 2589 hunc
1002 2550 1147 2597 locum,
1175 2556 1214 2588 et
1240 2549 1349 2587 Infra
1371 2554 1460 2595 955.
1487 2556 1529 2587 et
1546 2549 1696 2601 Amph.

169 2626 259 2670 627.
311 2630 337 2648 “
350 2627 415 2665 Τιι
434 2627 516 2678 qui,
536 2625 763 2678 quaesacta,
783 2623 994 2675 inficiare?
1019 2626 1090 2663 &c.

243 2735 332 2775 309·
396 2721 628 2783 Portam]
689 2732 848 2783 Nempe
887 2730 1003 2769 Urbis
1032 2730 1253 2782 Epidamni.
1308 2729 1363 2768 Ut
1390 2729 1480 2769 falsi
1506 2737 1600 2769 sunt
1625 2731 1696 2782 qui

169 2825 243 2861 pro
264 2810 379 2861 sores
417 2811 541 2850 Erotii
576 2813 702 2850 domus
738 2812 890 2850 dictum
926 2818 1078 2861 putent.
1143 2810 1276 2855 Porta,
1321 2810 1378 2848 sic
1412 2809 1607 2862 appellata
1647 2811 1698 2848 ab
