1826 3164
115 257 166 307 vi
708 271 1046 304 PRAEFA'rlo.

115 398 364 449 moturus,
410 390 560 456 quasi
606 391 738 441 tanti
782 391 1008 440 auctoris
1056 389 1264 439 nomine
1315 388 1416 438 hac
1463 398 1637 439 mente

115 495 241 531 usus
274 478 492 537 viderer,
529 496 634 544 quo
666 478 871 528 facilius
908 493 1075 543 nugas
1108 493 1254 527 meas
1291 477 1637 527 extruderem.

117 569 350 635 AEquior‚
387 567 558 625 credo,
603 569 767 618 lector
792 566 1073 633 judicabit,
1116 583 1215 625 me,
1254 559 1318 616 in*
1349 566 1447 616 hoc
1483 584 1639 633 opere

116 657 469 725 suscipiendO,
509 658 645 707 sicut
680 657 950 724 exemplar
979 674 1152 707 meum
1184 657 1294 707 ullo
1325 657 1479 707 modo
1516 673 1638 706 con·

116 747 266 815 sequi
303 763 456 815 posse
489 746 833 812 desperarem,
881 746 971 804 ita,
1009 746 1135 796 dum
1185 746 1343 814 hujus
1387 746 1640 810 vestigiis,

118 837 361 904 quamvis
400 853 498 886 nec
540 836 704 902 aequis
749 836 1006 902 passibus,
1048 844 1101 886 et
1146 836 1448 901 longissimo
1484 837 1640 886 inter·

118 927 271 985 va110,
319 926 559 975 insistere
611 933 830 975 conatus
875 925 990 983 sim,
1045 925 1101 975 id
1146 925 1275 975 mihi
1323 926 1638 992 promisisse,

120 1033 205 1066 me
231 1031 439 1081 quoque
475 1014 857 1079 aliquantulum
887 1014 1154 1081 juventuti
1187 1014 1428 1065 studiosae
1454 1015 1639 1064 auxilii

120 1105 219 1155 hoc
250 1112 405 1171 pacto
434 1103 731 1153 allatumm.
802 1103 983 1154 Habet
1008 1104 1151 1154 enim
1182 1113 1235 1155 et
1267 1104 1504 1162 Plautus,
1536 1120 1638 1154 non

121 1196 239 1245 illas
266 1194 478 1260 quidem
510 1192 839 1260 AEschyleas‚
871 1194 964 1244 sed
995 1210 1118 1244 suas
1154 1194 1295 1245 haud
1329 1195 1643 1262 perexiguas

120 1284 485 1344 difficultatest,
532 1282 691 1333 habet
734 1291 788 1333 et
824 1283 910 1333 hic
951 1284 1188 1334 nonnihil
1235 1285 1530 1342 ‘salebrosi‚
1574 1302 1640 1335 ex

121 1375 313 1441 linguae
350 1372 676 1423 insolentia’*
712 1373 1020 1434 oriundumt,
1055 1374 1218 1425 habet
1254 1375 1539 1425 ‘vocabula
1575 1392 1640 1424 ex

122 1463 308 1514 ultima
368 1460 683 1527 antiquitate
737 1461 975 1528 repetita,
1034 1463 1331 1529 multasque
1386 1462 1644 1513 dictiones

124 1569 185 1603 ac
226 1551 474 1602 formulas
515 1550 781 1617 loquendi,
827 1568 960 1618 quas
997 1551 1190 1602 frustra
1234 1553 1361 1603 alibi
1406 1557 1644 1618 quaeras.’

124 1641 312 1707 Itaque
375 1640 441 1690 ad
499 1639 613 1690 haec
657 1640 1055 1707 ,complananda
1113 1658 1369 1692 summam
1426 1641 1642 1692 adhibui

124 1730 479 1795 diligentiam:
519 1729 678 1796 idque
711 1729 769 1780 in
798 1730 1051 1796 glossario
1085 1732 1351 1799 praecipue
1376 1731 1645 1782 exarando

126 1819 255 1870 mihi
296 1819 618 1886 propositum
668 1818 784 1879 fuit,
828 1827 889 1870 ut
938 1837 1091 1871 suum
1132 1821 1284 1887 quasi
1327 1828 1644 1872 commenta-

127 1908 316 1959 riolum
372 1907 593 1958 Plautus
635 1908 764 1976 ipse,
815 1909 908 1960 ubi
956 1909 1074 1960 fieri
1128 1919 1319 1977 posset,
1370 1910 1645 1978 praeberet‚

129 1997 387 2064 exemplis
439 1998 687 2048 nimirum
740 1998 863 2048 hinc
921 1999 1066 2050 illinc
1129 2017 1194 2051 ex
1249 2001 1464 2068 reliquis
1530 1999 1646 2067 ejus

127 2086 322 2138 fabulis
374 2086 443 2136 ad
492 2086 630 2137 hanc
679 2095 911 2138 nostram
959 2089 1320 2140 illustrandam
1365 2089 1644 2155 congestis.

131 2177 218 2228 Ad
275 2176 416 2243 quod
479 2193 613 2243 opus
667 2177 1018 2237 efficiendum,
1073 2179 1228 2230 Parei
1288 2179 1535 2236 Lexicon‚
1596 2187 1649 2229 et

133 2265 385 2317 Gronovii
430 2266 706 2317 Lectiones
748 2267 1036 2327 Plautinas,
1078 2269 1311 2319 maxima
1356 2269 1515 2319 habui
1558 2269 1650 2318 ad-

125 2357 385 2423 jumenta.
470 2355 534 2405 In
593 2357 730 2407 notis
785 2358 1176 2409 conscribendis
1232 2359 1544 2410 Lambinum
1597 2358 1650 2408 in

136 2447 316 2514 primis
381 2455 592 2498 secutus
658 2464 791 2507 sum,
860 2457 913 2499 et
981 2448 1084 2499 huc
1151 2450 1369 2500 aliorum
1441 2465 1650 2516 quoque

137 2536 536 2594 observationes,
621 2538 665 2587 si
741 2538 868 2603 quid
949 2538 1244 2605 legentibus
1324 2539 1650 2606 profuturum

137 2625 391 2685 duxerim,
458 2626 652 2693 passim
714 2627 902 2695 adjeci,
961 2628 1152 2694 quibus
1218 2644 1364 2680 meas
1425 2628 1652 2693 denique

139 2715 502 2766 annotationes
534 2715 619 2765 hic
650 2715 759 2766 illic
791 2716 1091 2768 intertexui.

404 2851 422 2870 ”
452 2819 555 2892 Vide
586 2851 804 2893 Blomfield.
835 2853 996 2895 Praefnt.
1021 2854 1072 2896 ad
1100 2854 1230 2896 AEtch.
1262 2854 1390 2894 Prom-
