1864 3152
191 236 282 283 190
743 234 1164 279 GLOSSARIUM

184 367 306 421 tique,
333 374 395 407 est
412 366 552 406 leviter
569 371 610 405 et
627 363 772 405 blande
790 371 1033 406 contrectare
1044 380 1057 412 3
1086 364 1290 418 ψηλαφᾷν.
1345 363 1423 403 Ov.
1443 364 1539 404 Met.
1562 365 1616 404 11.
1635 365 1724 406 866.

186 429 348 483 “Modo
381 450 542 496 pectora
585 442 737 494 praebet
774 440 968 492 Virginea
998 439 1201 493 palpanda
1237 440 1394 478 manu.”
1437 440 1525 492 (ubi
1558 440 1626 480 alii
1670 454 1718 480 ex

184 518 378 571 glossem:
411 515 657 570 plaudenda;
699 521 765 554 ‘to
795 515 846 555 be
872 514 1052 567 patted.')
1112 513 1212 552 Hor.
1240 513 1319 552 Sat.
1348 512 1404 551 11.
1433 526 1460 552 ι.
1486 519 1548 554 20.
1602 515 1718 554 “cui

183 592 286 632 male
317 593 350 631 si
372 591 546 645 palpem,
575 590 797 631 recalcitrat
826 588 1006 641 undique
1033 589 1181 628 tutus.”
1215 587 1304 638 (ubi
1335 587 1523 627 translate
1551 589 1720 629 sumitur

182 668 234 707 ab
259 680 366 719 equo
391 664 616 711 mulcendo,
644 671 685 704 et
711 662 886 703 manibus
912 662 1142 713 tractando.)
1195 661 1303 701 Vide
1331 661 1462 714 Supra
1491 668 1578 706 177.

257 776 347 811 510.
409 764 621 827 Tristia]
675 767 948 823 Displeased.
1008 769 1119 808 Infra
1146 775 1234 810 524.

268 895 332 902 --
406 863 615 926 Malus]
659 872 840 912 Dolosa..
876 872 965 911 AEn.
985 872 1017 911 1.
1037 877 1125 912 352.
1165 871 1336 911 “Multa
1352 870 1477 910 matus
1495 871 1719 911 simulam:-

255 978 343 1013 511·
408 966 654 1028 Quidam.]
712 975 823 1014 Infra
858 979 946 1014 552.
1000 973 1191 1013 Notabile
1234 981 1293 1013 est
1328 973 1557 1026 exemplum
1598 973 1719 1025 hujus

180 1053 391 1094 locutionis
412 1053 454 1092 in
473 1053 571 1092 Cist.
590 1051 679 1092 462.
697 1066 782 1104 sqq.
839 1052 887 1091 L.
914 1056 939 1075 “
953 1052 1025 1091 Est
1045 1051 1199 1105 quidam
1220 1051 1352 1097 homo,
1381 1052 1451 1103 qui
1470 1051 1527 1090 ait
1544 1065 1585 1090 se
1603 1051 1716 1096 scire,

180 1130 252 1170 ubi
269 1130 331 1169 sit.
386 1129 442 1167 H.
471 1128 530 1167 At
547 1128 614 1167 ille
631 1127 683 1167 ad
701 1128 893 1181 quandam
911 1128 1132 1173 mulierem,
1162 1126 1193 1165 si
1213 1140 1298 1166 eam
1318 1133 1522 1172 monstret,
1549 1126 1717 1177 gratiam

179 1205 321 1245 ineat.”
348 1218 434 1256 sqq.
483 1203 563 1242 Ter
583 1203 686 1242 Eun.
706 1203 785 1242 111.
806 1215 855 1242 11.
874 1207 936 1242 30.
990 1201 1150 1250 “Quod
1168 1200 1322 1254 quidam
1342 1201 1473 1240 facit.”
1502 1202 1573 1239 διο.

253 1305 341 1340 513.
407 1290 680 1353 Comessis]
741 1297 997 1340 comederis.
1056 1300 1159 1339 vide
1186 1300 1316 1352 Supra
1342 1305 1431 1339 323.

252 1405 342 1439 515·
408 1393 590 1453 Nict0.]
662 1398 806 1439 Wink.
868 1401 1028 1441 Nonius
1064 1401 1161 1453 Cap.
1187 1400 1240 1440 V.
1269 1406 1331 1446 71.
1385 1399 1531 1439 ”Inter
1567 1406 1716 1445 nutare,

176 1490 218 1522 et
244 1495 421 1527 annuere,
452 1489 494 1521 et
525 1481 685 1528 nictare,
718 1481 886 1521 Veteres
915 1481 992 1520 hoc
1022 1481 1211 1519 interesse
1238 1479 1471 1518 voluerunt:
1505 1485 1551 1517 ut
1582 1483 1720 1516 nutare

178 1556 320 1610 capitis
330 1571 343 1604 ς
371 1569 553 1603 annuere,
574 1556 638 1596 vel
656 1556 830 1602 innuere,
849 1556 1007 1596 narium
1026 1555 1090 1594 vel
1107 1554 1303 1594 labiorum
1312 1569 1325 1601 ς
1347 1554 1492 1593 nictare
1509 1553 1715 1593 oculorum

176 1632 482 1685 significantiam
504 1645 590 1671 esse
613 1631 907 1671 decreverint.“
960 1630 1017 1669 Et
1041 1630 1137 1669 citat
1161 1629 1273 1668 Asin.
1299 1629 1387 1673 760.
1440 1635 1467 1652 “
1481 1630 1623 1682 Neque
1646 1628 1714 1668 illa

177 1707 248 1747 ulli
275 1706 428 1746 homini
454 1713 582 1753 nutet,
613 1696 740 1753 niceri,
768 1706 952 1745 adnuat.”

250 1810 340 1852 516.
404 1806 485 1855 Mi
509 1805 717 1871 expedi]
776 1810 875 1851 Tell
896 1822 974 1851 me.
1038 1812 1131 1851 Ter.
1149 1811 1256 1851 Eun.
1277 1810 1348 1850 IV.
1368 1823 1424 1849 ιν.
1443 1816 1506 1855 27.
1562 1815 1588 1833 “
1603 1811 1712 1861 Age-

175 1893 286 1940 dum,
313 1893 390 1932 hoc
417 1892 467 1931 mi
495 1892 627 1946 expedi
651 1891 861 1945 primum.”
915 1891 983 1930 Et.
1001 1891 1050 1930 V.
1069 1903 1107 1928 v.
1126 1895 1188 1930 20.
1243 1889 1362 1929 “Sed
1387 1889 1491 1928 istuc
1517 1888 1710 1940 quicquid

174 1975 249 2014 est,
275 1968 451 2020 primum
478 1966 646 2020 expedi?
700 1966 807 2006 Vide
833 1965 967 2019 Supra
992 1965 1054 2012 96.

249 2077 337 2112 523.
402 2062 753 2132 Responsant]
817 2073 924 2113 Vide
961 2073 1073 2112 Nott.
1126 2072 1260 2111 Citant
1298 2071 1442 2109 Lana:
1482 2078 1523 2109 et
1561 2071 1709 2110 Gnou:

180 2155 279 2194 Hor.
306 2153 386 2193 Sat.
406 2153 461 2192 11.
482 2166 559 2192 vn.
579 2159 640 2193 85.
696 2153 979 2206 “Responsum
1006 2150 1297 2204 cupidinibus.'¹
1324 2158 1364 2190 et
1400 2156 1483 2190 103.
1539 2150 1712 2189 “Coenis

175 2234 370 2283 responsat
394 2229 574 2282 opimis.”
629 2229 756 2281 Epist.
780 2229 810 2267 1.
834 2242 859 2267 1.
878 2228 942 2288 68.
996 2233 1019 2250 “
1036 2227 1222 2266 Fortunae
1246 2238 1470 2278 responsare
1493 2226 1712 2277 superba-‚¹⁰

176 2305 328 2350 Addas,
356 2304 435 2344 Sat.
457 2303 511 2343 11.
531 2315 588 2342 ιν.
611 2309 670 2343 18.
725 2303 828 2342 “Ne
854 2302 1002 2354 gallina
1027 2301 1175 2340 malum
1204 2307 1392 2354 responset
1419 2300 1521 2339 dura
1542 2300 1710 2353 palato.”

260 2436 327 2444 —
400 2402 675 2469 Eloquere]
739 2407 889 2461 Spealc
922 2411 1012 2448 out.
1079 2411 1181 2459 Quoe
1217 2418 1276 2449 est
1313 2410 1373 2449 vis
1408 2408 1708 2462 praepositionis.

176 2493 242 2533 Sic
271 2492 380 2532 Infra
407 2498 494 2533 544.
541 2490 731 2531 Edictavi.
777 2489 866 2535 637.
895 2488 1113 2529 Enarrabo.
1141 2490 1212 2529 διο.

247 2603 335 2639 525.
401 2587 771 2651 Familiarium.]
831 2594 948 2635 Your
967 2597 1180 2635 servante.
1235 2595 1325 2635 νῆα.
1355 2595 1459 2635 Ptol.
1480 2602 1541 2639 74.
1596 2595 1704 2635 Dicti

172 2695 197 2720 a
215 2680 396 2729 Familia,
414 2694 505 2733 quae
523 2681 587 2732 (ut
603 2679 659 2719 ait
676 2677 759 2718 Cic.
776 2690 851 2730 pro
869 2676 1013 2716 Coecin.
1037 2677 1113 2727 19.)
1131 2684 1285 2717 constat
1301 2689 1349 2715 ex
1369 2675 1493 2714 servis
1511 2675 1707 2727 pluribus.

170 2757 193 2771 '³
208 2756 328 2803 Hinc,
357 2763 580 2809 permutata
604 2755 618 2794 i
636 2767 727 2795 cum
746 2767 770 2792 a
788 2752 914 2800 litera,
936 2751 1088 2790 Famuli
1105 2751 1291 2804 appellati
1305 2757 1342 2788 :⁸‘
1372 2750 1526 2790 Festus.
1557 2748 1705 2802 Amph.

175 2830 280 2869 Prol.
302 2837 388 2875 127.
439 2837 469 2862 ‹“
480 2829 535 2871 Ut
553 2843 615 2876 ne,
645 2829 712 2881 qui
733 2841 872 2874 essem,
885 2825 1114 2878 firmiliares
1133 2827 1388 2877 quaererent.”
1418 2827 1490 2865 διο.
