1864 3152
143 242 202 283 54
721 240 785 281 M.
824 223 880 282 A}
917 239 1159 282 PLAUTI

274 370 458 420 Omnes
492 370 694 419 einaedos
730 388 829 419 esse
864 388 1038 427 censes,
1071 379 1126 419 tu
1160 371 1273 434 quia
1307 373 1392 419 es?

1660 384 1734 418 415

273 454 401 503 Tun’
436 471 512 502 me
546 453 771 503 indutum
808 453 952 503 fuisse
987 454 1163 519 pallam
1200 454 1461 519 praedioas?

142 538 240 587 PE.
274 537 384 604 Ego
416 536 572 587 hercle
604 554 725 586 vero.

721 622 834 670 ΜΕ.
857 622 905 670 S.
941 623 1053 671 Non
1090 630 1145 670 tu
1180 622 1295 678 abis,
1332 638 1425 686 quo
1460 622 1634 686 dignus
1670 639 1734 677 ee,

272 705 381 754 Aut
415 713 464 754 te
490 703 632 769 jubes
667 706 802 770 piari,
838 704 979 753 homo
1014 705 1366 753 insanissume?

141 790 233 838 PE.

274 788 533 854 Nunquam
565 790 733 855 edepol
768 791 1015 855 quisquam
1054 807 1129 838 me
1164 790 1392 844 exorabit,
1429 790 1543 854 quin
1581 798 1674 837 tuae

276 874 426 923 Uxori
460 891 559 923 rem
595 892 782 923 omnem
812 878 929 938 jam,
963 875 1037 923 uti
1074 875 1137 922 sit
1171 882 1320 939 gesta,
1359 873 1574 937 eloquar!
1659 885 1735 918 420

273 958 456 1007 Omnes
490 960 540 1007 in
577 967 624 1008 te
659 961 788 1008 istaec
819 958 1031 1008 recident
1067 957 1397 1006 contumeliae!

275 1043 408 1091 Faxo
443 1041 575 1091 haud
610 1042 820 1091 inultum
857 1041 1109 1107 prandium
1144 1040 1426 1090 eomederis!

140 1125 255 1174 ΜΕ.
275 1124 325 1174 S.
350 1125 481 1182 Quid
502 1124 591 1174 hoc
613 1126 796 1191 negotii
821 1126 928 1173 est?
961 1124 1115 1180 satin’,
1140 1132 1196 1172 ut
1219 1140 1453 1188 quemque
1478 1123 1731 1187 conspicor,

272 1209 353 1259 Ita
386 1227 462 1258 me
495 1210 783 1259 ludificant?
850 1209 945 1258 Sed
976 1209 1248 1273 concrepuit
1282 1208 1471 1256 ostium.

199 1350 223 1368 v.
240 1343 294 1368 ⁴22.
330 1343 463 1372 Inultum,
482 1342 586 1368 Guv:
603 1343 674 1374 conj.
694 1342 823 1368 Inuum:
840 1340 886 1366 ned
901 1340 968 1365 illud
986 1340 1071 1372 mugi·
1091 1340 1259 1369 Plautinum,
1282 1344 1309 1365 et
1325 1340 1427 1365 mbent
1443 1339 1644 1364 eodm—dn
1667 1338 1694 1362 B.
1712 1339 1732 1366 1,

137 1385 167 1411 Β.
182 1392 205 1416 c,
224 1386 298 1417 Quid
313 1386 362 1412 hoc
377 1387 415 1411 m
432 1385 557 1417 nequest?

188 1490 279 1525 415.
309 1484 574 1536 Omnes‚etc.]
596 1484 657 1522 Ita
671 1482 899 1522 Rud.1ooo.

450 1561 471 1575 ⁴‘
490 1559 653 1591 Scelerum
673 1562 783 1597 caput,

158 1610 203 1642 Ut
216 1615 283 1642 tute
296 1619 342 1646 es.
355 1609 429 1641 item
443 1618 551 1641 omnes
564 1618 674 1641 censes
689 1618 767 1643 esse,
782 1606 900 1647 perjuri

234 1659 374 1700 caput?

188 1734 277 1775 416.
333 1733 516 1772 Indutum
555 1732 741 1786 pallam]
797 1732 900 1771 Vide

134 1797 270 1850 Supra
292 1810 328 1836 v.
354 1803 417 1842 70.
446 1805 487 1837 et
518 1803 603 1837 114.
659 1797 778 1836 Unde
807 1797 900 1835 satis

134 1861 345 1914 apparebit
372 1875 495 1914 quare
526 1875 601 1914 pro
630 1861 775 1913 insigni
807 1874 898 1900 con·

131 1924 298 1964 tumelia
332 1925 503 1977 accipiat
540 1925 826 1971 Menaechmus,
860 1938 901 1963 se

132 1989 184 2027 ab
213 1988 352 2040 ignoto
381 1989 457 2027 isto
479 1989 640 2028 homine
668 1989 812 2041 pallam
841 1989 899 2027 ἰη-

132 2050 267 2089 dutum
278 2050 414 2102 fuisse
440 2051 661 2104 praedicari.

187 2141 276 2181 417.
343 2135 428 2180 Quo
472 2136 614 2189 dignus
658 2137 735 2189 em]
792 2137 844 2175 H.
865 2152 898 2186 e,

132 2198 337 2245 dierectus,
371 2199 413 2238 in
450 2200 592 2240 malam
622 2214 794 2247 crucem,
831 2210 901 2241 aut

133 2263 263 2303 simile
290 2263 402 2317 quid.

186 2350 276 2390 418.
323 2348 380 2389 Te
378 2348 499 2403 jubes
506 2350 655 2404 piari]
672 2351 801 2404 Supra
810 2351 899 2391 206.

1021 1485 1110 1519 420.
1173 1480 1305 1525 Uxori,
1345 1481 1445 1534 etc.]
1500 1481 1626 1533 Apud
1662 1495 1732 1533 ge-

968 1544 1126 1583 mellam
1163 1544 1285 1596 hujus
1317 1545 1507 1590 fabulam,
1542 1545 1731 1583 SnAst:

972 1607 1073 1646 Com.
1086 1606 1136 1659 of
1143 1607 1304 1654 Errors,
1324 1608 1410 1648 haec
1424 1622 1516 1660 pars
1530 1609 1734 1660 aliquanto

968 1671 1110 1711 melius
1144 1673 1342 1712 meretrici
1375 1673 1579 1718 tribuitur,
1618 1674 1732 1724 cujus

968 1749 1089 1787 opera
1121 1736 1235 1774 uxori
1273 1736 1323 1776 de
1359 1737 1468 1775 furto
1497 1745 1537 1775 et
1565 1737 1733 1789 prandio

968 1800 1237 1839 renunciatur.

1021 1892 1109 1926 422.
1166 1886 1291 1926 Haud
1343 1887 1544 1941 inultum]
1610 1889 1730 1937 Quod

968 1949 1087 1988 modo
1114 1950 1270 1990 dixerat
1298 1965 1334 1989 v.
1354 1958 1442 1997 874.

1020 2042 1107 2075 423.
1165 2037 1326 2090 Satira]
1383 2038 1512 2090 Supra
1537 2043 1619 2077 100.
1666 2039 1731 2076 In-

967 2098 1115 2150 tellige‚
1153 2099 1309 2139 Satisne
1344 2101 1478 2139 mirum
1515 2101 1603 2139 est?
1645 2105 1731 2153 (aut

967 2162 1045 2201 tale
1080 2163 1265 2215 aliquid.)
1332 2165 1455 2203 ‘Isn't
1491 2165 1521 2203 it
1559 2173 1730 2216 strange,

967 2225 1054 2264 that
1083 2240 1124 2265 as
1156 2240 1247 2266 sure
1279 2241 1321 2266 as
1351 2227 1369 2265 1
1404 2241 1467 2267 see
1496 2241 1573 2280 any
1609 2228 1729 2280 body,

967 2303 1010 2327 so
1039 2290 1173 2342 surely
1198 2290 1251 2329 do
1278 2290 1373 2343 they
1398 2291 1519 2342 begin
1547 2299 1588 2330 to
1613 2292 1728 2331 mock

967 2355 1070 2392 me?'
