1864 3152
677 266 1113 310 MENAECHMEI.
1632 262 1691 316 77

235 401 431 448 Patrem
463 415 637 454 meum,
675 400 756 462 qui
790 397 885 446 huc
916 396 1135 444 advenit!
1184 393 1320 451 Quin
1356 394 1549 458 respicis
1563 396 1586 440 ?

237 484 474 532 Novistin'
496 491 553 531 tu
578 482 718 530 illum
733 484 755 529 Ρ

699 565 812 612 ΜΕ.
834 564 881 612 S.
910 564 1038 612 Novi
1061 580 1169 611 cum
1195 561 1375 628 Calcha
1398 560 1570 609 simul:
1614 564 1691 604 650

236 650 420 698 Eodem
456 650 534 697 die
567 649 666 696 vidi
700 649 855 703 illum,
891 664 984 711 quo
1019 656 1067 694 te
1102 654 1215 694 ante
1248 644 1377 693 hunc
1411 644 1556 692 diem.

104 734 217 781 ΜΗ.
236 733 398 797 Negas
432 733 616 780 nOvisse
643 734 755 779 me?
794 748 940 794 negas
973 738 1157 794 patrem
1190 730 1388 776 meum?

105 817 215 864 ΜΕ.
235 818 285 865 S.
320 816 454 864 Idem
490 815 647 863 hercle
680 815 850 869 dicam,
885 815 924 862 si
962 831 1097 861 avom
1132 813 1203 860 vis
1237 812 1483 860 adducere.

104 902 163 948 M
170 916 217 948 U.
238 900 437 948 Ecastor
467 901 643 964 pariter
677 898 765 946 hoc
796 906 939 962 atque
973 898 1089 945 alias
1122 914 1196 944 res
1228 896 1360 944 soles.

593 1159 736 1201 ACT.
772 1159 850 1200 1v.
917 1157 1115 1199 SCENA
1150 1157 1199 1197 V.

386 1275 551 1308 SENEX.
598 1275 798 1307 MULIER.
845 1272 1160 1306 MENAECHMUS
1194 1271 1421 1304 SOSICIAES.

107 1378 194 1426 SE.
237 1377 313 1425 Ut
347 1385 459 1424 aetas
494 1393 599 1424 mea
633 1383 719 1431 est,
754 1383 897 1439 atque
932 1382 989 1421 ut
1021 1372 1108 1420 hoc
1142 1389 1255 1420 usus
1289 1371 1413 1421 facto
1448 1381 1536 1430 est,

1618 1379 1694 1419 655

171 1497 267 1522 [650.
302 1497 450 1526 Rhe-un·
471 1495 704 1521 emmane-⁸11.
738 1494 884 1524 Renum
905 1492 1129 1519 afflantes-imm.
1163 1492 1696 1524 Men-umponmlatcalehmwdein

104 1540 307 1565 mosa—651.
326 1540 437 1568 Eodem,
460 1538 561 1570 dissyll.
594 1538 681 1569 Supra
694 1536 852 1562 m—Vidt'
872 1536 959 1565 saum,
982 1535 1086 1559 ”Codd⁴
1111 1534 1191 1559 mum
1210 1534 1277 1564 vidi,
1305 1536 1407 1560 recte-‘¹
1434 1535 1536 1561 ΗΔιιι.
1560 1541 1590 1562 at
1611 1537 1696 1563 nom-i

105 1582 206 1606 hahent
227 1581 285 1605 υἱώ·
305 1581 391 1609 mum,
417 1586 468 1604 nec
488 1586 568 1605 causa
587 1582 627 1604 est
647 1578 898 1604 mutandi—m
918 1578 957 1606 Si,
981 1583 1038 1601 non
1059 1574 1189 1607 liquescit.
1224 1575 1312 1607 Supra
1326 1577 1578 1605 472—-655-&31
1596 1578 1695 1605 Bacch.

105 1623 294 1649 Tem—-ffl
315 1623 398 1647 Facto
415 1624 462 1652 est,
484 1622 523 1647 ita
543 1622 573 1646 B.
592 1628 615 1646 c.
639 1622 678 1646 est
698 1624 790 1646 autem
811 1620 900 1645 omitt.
929 1620 959 1644 Β.
979 1619 1000 1643 1.

158 1699 247 1745 649.
313 1698 391 1742 Qui
436 1698 510 1736 huc
553 1697 742 1749 advenit]
805 1697 867 1734 Ne

107 1776 336 1814 quenquam
376 1769 534 1800 moveat
568 1768 651 1799 tam
688 1760 867 1799 celeriter

106 1834 253 1879 praesto
289 1840 373 1865 esse
410 1839 543 1864 senem
579 1823 866 1875 tardigradam,

106 1904 199 1930 cum
235 1890 302 1928 vix
334 1890 471 1928 decem
506 1888 650 1927 abhinc
686 1888 867 1926 versibus

106 1953 230 1992 fuerit
246 1953 468 1992 arcessitus.
523 1952 627 1989 Nam
644 1951 676 1989 si
695 1951 867 2002 spatium

108 2018 282 2068 antiquae
311 2030 438 2055 scenae
464 2015 697 2067 respexeris,
727 2013 866 2066 (quod,

107 2095 190 2132 prae
240 2080 442 2119 hodiernis
490 2080 648 2126 nostris,
697 2079 868 2117 immane

108 2151 192 2183 erat
203 2144 234 2196 3)
262 2151 302 2182 et
326 2144 407 2182 huc
434 2143 638 2194 adjeceris,
668 2156 800 2181 senem
826 2143 869 2180 in

108 2215 364 2259 prospectum
395 2221 523 2259 usque
551 2207 683 2245 adhuc
714 2214 868 2245 tantum

110 2271 276 2316 venisse,
309 2285 441 2322 neque
471 2279 562 2309 ante
591 2271 757 2322 triginta
786 2284 868 2308 am-

109 2334 216 2385 plius
248 2347 385 2372 versus
421 2348 642 2373 sermonem
675 2333 867 2378 conferre,

110 2397 218 2448 (quae
249 2398 356 2436 enim
383 2398 535 2436 interea
564 2398 641 2436 loci
674 2398 867 2448 queritur,

112 2469 205 2499 sunt
222 2475 271 2500 ex
290 2462 512 2514 longinquo
529 2463 663 2507 verba,
692 2470 743 2509 et,
771 2461 869 2500 dum

111 2523 319 2563 formicino
362 2526 492 2576 gradu
535 2526 577 2564 in
616 2525 868 2577 proscenium

112 2586 272 2633 incedit,
292 2589 429 2639 dicta‚)
449 2590 542 2628 satis
555 2590 632 2628 erit
645 2603 766 2627 morae
779 2602 869 2640 per-

114 2650 278 2689 missum
311 2665 362 2691 ne
391 2653 434 2691 in
462 2667 509 2692 ea
539 2667 583 2693 re
614 2652 870 2691 offendamus.

116 2713 219 2751 Vide
243 2714 285 2752 in
312 2715 451 2754 Aulul.
480 2717 568 2761 768.
601 2718 715 2755 Nott.

165 2775 254 2815 650.
311 2777 405 2816 Cum
453 2779 637 2832 Calcha]
691 2780 740 2818 Id
786 2787 869 2824 est;

116 2838 245 2889 AEque
262 2847 315 2884 te,
334 2854 380 2880 ac
397 2842 621 2888 Calchanta,
641 2844 746 2882 novi.
794 2843 869 2882 Su-

933 1708 1006 1746 pra
1019 1694 1108 1738 647.
1165 1694 1246 1733 Hic
1263 1703 1398 1734 autem
1416 1704 1501 1735 erat
1518 1704 1628 1737 vates
1645 1699 1698 1737 ad

933 1758 1084 1797 bellum
1103 1757 1324 1809 Trojanum
1341 1760 1583 1800 notissimus.

986 1842 1075 1882 651.
1130 1842 1271 1881 Eodem
1306 1844 1369 1882 die
1409 1845 1526 1898 vidi.]
1579 1847 1696 1885 Conf.

935 1905 1067 1958 Supra
1089 1911 1176 1946 438.
1233 1908 1363 1947 Intell.
1391 1909 1539 1961 Neque
1567 1910 1696 1957 illum,

934 1983 1066 2021 neque
1088 1977 1141 2016 te,
1166 1972 1327 2010 omnino
1350 1979 1440 2011 ante
1463 1973 1573 2012 hunc
1590 1974 1698 2013 diem

936 2047 1114 2085 unquam
1133 2034 1228 2072 vidi.

989 2119 1077 2159 654.
1131 2121 1291 2159 Pariter
1309 2122 1390 2168 hoc,
1409 2123 1510 2175 etc.]
1544 2124 1630 2162 ‘To
1647 2125 1700 2163 be

938 2198 1028 2223 sure
1058 2185 1139 2223 this
1165 2185 1200 2224 is
1227 2187 1314 2238 just
1340 2187 1423 2226 like
1453 2202 1557 2239 your
1583 2188 1698 2227 other

937 2249 1043 2285 acts-²
1071 2247 1244 2295 Scilicet,
1260 2249 1385 2288 Haud
1397 2251 1625 2289 mirandum
1639 2258 1701 2290 est

938 2325 1118 2350 socerum
1142 2318 1259 2351 tuum
1285 2320 1326 2352 te
1353 2314 1510 2353 novisse
1538 2328 1699 2365 negare,

938 2375 1009 2426 qui
1023 2382 1163 2413 caetera
1177 2383 1260 2414 tam
1274 2376 1469 2428 flagitiosa
1481 2377 1700 2416 admiseris.

987 2459 1076 2499 655.
1138 2461 1188 2498 Ut
1223 2466 1332 2507 oetas,
1369 2462 1469 2514 etc.]
1529 2462 1699 2501 Fallitur

935 2523 1167 2563 Lambinus.
1207 2523 1346 2570 Verte,
1368 2526 1447 2563 ‘As
1461 2525 1551 2564 well
1568 2539 1612 2564 as
1627 2539 1698 2578 my

936 2601 1011 2638 age
1047 2588 1129 2625 will
1164 2588 1278 2626 allow
1313 2602 1390 2634 me,
1432 2588 1513 2626 and
1550 2603 1598 2628 as
1636 2590 1699 2628 the

936 2653 1111 2691 occasion
1145 2653 1328 2705 requires,
1362 2654 1383 2691 Ι
1412 2654 1495 2692 will
1523 2654 1698 2706 quicken

937 2730 1007 2768 my
1052 2724 1151 2768 step,
1196 2716 1275 2754 and
1318 2717 1459 2756 hasten
1500 2718 1698 2762 forwardl

938 2780 1111 2831 Nempe,
1138 2781 1195 2818 Ut
1212 2780 1342 2831 poscit
1364 2781 1518 2820 occasio
1533 2795 1599 2820 me
1615 2789 1697 2821 tam

940 2844 1118 2883 celeriter
1136 2844 1335 2894 progredi.
1390 2845 1493 2884 Vide
1511 2845 1641 2884 Gloss.
