1864 3152
197 239 240 285 iv
781 250 1128 284 PRAEFA'rlo.

194 370 319 419 bula
358 369 480 418 inde
531 368 800 435 proditura
850 376 945 427 est,
1001 377 1055 417 at
1103 368 1286 417 saltem
1344 368 1481 417 haud
1527 386 1712 435 parum

194 459 422 508 materiae
470 474 644 507 secum
697 457 921 506 allatura
966 457 1049 513 sit,
1101 456 1254 514 unde,
1312 456 1538 506 feliciore
1586 458 1710 507 olim

194 550 369 615 aliquo
423 558 476 598 et
523 548 722 614 aptiore
768 548 813 597 ei
871 547 1231 613 patrocinante
1288 546 1521 604 Editore,
1583 548 1712 597 lucis

195 635 430 685 nonnihil
487 634 771 684 etiamdum
829 634 1066 700 accipiat,
1119 641 1171 683 et
1223 634 1390 698 magis
1442 634 1712 699 magisque

193 722 386 780 sordes,
438 738 540 771 non
587 738 723 778 suas,
782 722 871 772 sed
920 722 1168 788 temporis
1227 722 1374 787 lapsu
1423 722 1475 770 in
1526 721 1711 771 faciem

193 799 596 879 pulcherrimam
632 810 886 868 inductae,
924 828 1115 861 exuere
1151 820 1473 861 consuescat.

294 986 425 1046 Quae
478 987 586 1036 sint
631 987 789 1052 igitur
842 987 953 1036 haec
1017 987 1206 1036 fabulae
1264 995 1450 1037 nostrae
1509 988 1711 1038 addita·

194 1086 387 1136 menta,
426 1085 586 1127 restat
618 1086 676 1126 ut
703 1077 1106 1144 quamprimum,
1143 1085 1196 1126 et
1228 1094 1333 1143 qua
1365 1078 1560 1144 possim
1596 1078 1712 1127 dili-

194 1168 386 1234 gentia,
434 1184 711 1234 exponam.
781 1167 987 1233 Loquor
1034 1166 1279 1216 nimirum
1326 1167 1392 1217 de
1429 1167 1714 1218 Codicibus

198 1253 587 1320 ManuscriptiS‚
648 1270 867 1320 quorum
916 1253 1299 1311 nonnullorum,
1350 1254 1448 1303 nisi
1496 1255 1716 1304 multum

195 1344 362 1403 fallor,
397 1361 535 1394 nunc
573 1345 799 1411 primum
839 1343 906 1393 ad
938 1344 1223 1393 Auctorem
1256 1343 1506 1393 Nostrum
1539 1362 1713 1394 emen-

194 1436 426 1486 dandum
470 1443 560 1485 aut
596 1435 857 1485 edendum
898 1434 1038 1484 facta
1076 1443 1155 1484 est
1186 1435 1439 1484 tractatio.
1512 1435 1574 1485 Id
1613 1437 1712 1485 sal-

194 1532 298 1574 tem
336 1524 401 1574 de
450 1523 632 1574 horum
681 1523 883 1573 duobus
927 1523 1155 1572 tribusve
1203 1522 1550 1573 confidentius
1597 1541 1712 1590 pro·

195 1614 372 1673 mitto;
418 1613 483 1663 de
523 1613 741 1671 caeteriS,
784 1612 825 1661 si
867 1612 987 1678 quis
1028 1612 1218 1662 rectius
1266 1611 1479 1668 noverit,
1528 1613 1715 1662 certior

195 1704 309 1754 fieri
345 1705 500 1754 anxie
536 1712 802 1770 exspecto.
874 1702 1010 1752 Mihi
1046 1702 1257 1768 quidem
1298 1701 1477 1751 sedulo
1510 1702 1575 1751 de
1615 1702 1713 1751 hac

195 1808 249 1840 re
303 1791 442 1858 apud
496 1791 751 1841 litteratos
807 1791 944 1840 viros
996 1790 1298 1856 inquirenti,
1350 1790 1520 1840 adhuc
1574 1790 1713 1840 haud

196 1891 456 1948 repertum
504 1890 584 1932 est
629 1881 710 1931 vel
760 1898 922 1930 unum
961 1880 1174 1947 quidem
1221 1897 1286 1930 ex
1330 1880 1394 1929 iis
1429 1880 1713 1930 Codicibus

194 1987 327 2037 quos
381 1970 447 2020 ad
500 1970 634 2020 hanc
690 1970 919 2019 fabulam
972 1969 1255 2019 ornandam
1308 1969 1539 2025 adhibui,
1591 1980 1712 2018 ante

197 2059 336 2110 hunc
381 2059 518 2109 diem
565 2076 670 2125 qua
709 2059 884 2109 decuit
931 2058 1186 2109 industria
1230 2058 1475 2108 collatum
1521 2058 1712 2117 fuissez,

196 2151 299 2201 imo
324 2167 568 2216 magnam
602 2166 778 2199 eorum
815 2158 1032 2215 partem,
1069 2149 1122 2198 in
1157 2149 1387 2199 tenebris
1417 2156 1470 2198 et
1506 2148 1713 2198 silentio

196 2236 638 2287 Bibliothecarum
687 2252 896 2285 suarum
944 2236 1192 2294 abditam,
1237 2235 1336 2285 huc
1379 2254 1543 2302 usque
1581 2236 1711 2286 latu-

195 2328 294 2377 isse
335 2326 585 2376 credibile
623 2335 718 2375 est.

294 2499 448 2549 Certe
484 2500 535 2548 in
576 2498 822 2549 Editione
856 2501 1114 2558 Plautina,
1154 2518 1271 2567 quae
1306 2502 1485 2551 decem
1518 2501 1710 2551 abhinc

194 2588 347 2637 annis
392 2604 456 2637 ex
495 2587 694 2637 aedibus
731 2587 1007 2654 Valpianis
1046 2589 1252 2656 prodiit,
1297 2588 1548 2638 Codicum
1596 2605 1710 2638 nos-

192 2686 385 2726 trorum
426 2677 621 2727 mentio
653 2685 731 2727 est
766 2678 956 2744 partim
989 2678 1141 2735 sacta,
1181 2687 1233 2727 et
1261 2678 1327 2728 ad
1361 2688 1560 2728 textum
1591 2695 1710 2728 con—

193 2765 474 2816 ficiendum
518 2765 676 2816 iidem
718 2766 1052 2832 aliquatenus
1099 2769 1333 2833 usurpati
1378 2777 1526 2817 sunt:
1569 2770 1711 2834 judi·
