1864 3152
671 253 1103 296 MENAECHMEI.
1624 253 1683 296 93

236 388 358 443 Quae
386 404 461 434 me
490 386 608 434 clam
638 394 768 434 ratus
797 402 901 433 sum
930 384 1098 440 facere,
1126 384 1285 431 omnia
1308 401 1363 431 ea
1386 383 1500 432 fecit
1524 383 1678 446 palam

238 472 499 526 Parasitus,
522 472 605 534 qui
626 487 703 518 me
726 469 977 533 complevit
1001 468 1174 532 flagitii
1199 475 1248 515 et
1271 466 1551 523 formidinis,
1606 477 1682 511 800

238 556 382 604 Meus
418 556 598 611 Ulixes,
634 571 717 602 suo
748 555 830 618 qui
860 553 961 618 regi
994 560 1183 601 tantum
1221 552 1423 599 concivit
1457 550 1583 601 mali,-

238 639 398 695 Quem
420 654 506 702 ego
525 636 784 692 hominem,
806 637 846 684 si
868 635 1059 698 quidem
1083 635 1202 690 vivo,
1227 635 1327 682 vita
1351 633 1559 682 evolvam
1581 636 1682 681 sua!

241 723 334 770 Sed
358 739 444 786 ego
461 721 642 770 stultus
666 737 783 776 sum,
808 721 890 783 qui
916 719 1047 766 illius
1072 735 1170 766 esse
1194 717 1313 774 dico,
1338 735 1439 781 quae
1462 735 1567 765 mea
1589 725 1682 765 est:

240 805 356 853 Meo
374 806 475 852 cibo
493 811 542 852 et
560 810 755 867 sumptu
772 802 1046 850 educatu’st.
1104 800 1285 848 Anima
1300 801 1492 864 privabo
1510 801 1683 847 virum!

240 886 489 952 Condigne
511 896 670 934 autem
694 885 793 933 haee
816 884 1039 933 meretrix
1066 883 1191 941 fecit,
1224 891 1280 931 ut
1307 900 1407 930 mos
1440 890 1510 931 est
1538 899 1685 930 mere-

437 970 600 1017 tricius
617 985 628 1016 :

1610 975 1683 1009 805

241 1052 371 1109 Quia
386 1069 496 1116 rogo
513 1052 702 1116 pallam,
720 1059 775 1099 ut
790 1050 1017 1098 referatur
1033 1066 1217 1097 rursum
1234 1048 1294 1096 ad
1309 1064 1499 1096 uxorem
1517 1065 1684 1104 meam,

171 1190 194 1207 v.
212 1183 265 1211 799.
299 1183 405 1211 Facere,
422 1187 478 1206 non
489 1180 754 1212 liquescit—omnia
768 1186 808 1210 oa,
827 1178 985 1211 transposita
1000 1178 1127 1209 leguntur
1143 1177 1172 1202 in
1187 1176 1286 1202 nostris
1296 1177 1496 1202 codd—801.
1515 1178 1577 1207 Suo,
1594 1184 1689 1202 mono-

107 1225 284 1256 sy11.-—802.
303 1225 394 1255 Quam
411 1226 501 1255 eteyo,
517 1226 544 1248 et
555 1223 621 1252 vita,
640 1229 697 1247 non
712 1221 774 1247 elid.
808 1222 846 1247 At
861 1221 962 1251 ΗΛΒΕ,
980 1219 1064 1251 '’Leg.
1085 1221 1167 1250 Quem
1182 1220 1290 1251 quidem
1304 1226 1350 1251 eqo
1364 1220 1508 1248 hominem,
1524 1220 1551 1245 si
1566 1220 1688 1246 vivo-“—

112 1268 164 1292 Pro
186 1268 314 1296 evolvam,
337 1266 419 1292 eodd.
437 1266 530 1295 nostri,
547 1266 660 1295 saluam,
678 1264 706 1289 h.
718 1271 741 1289 e.
759 1264 987 1289 solvam.--803.
1005 1262 1036 1287 B.
1054 1263 1078 1290 l,
1096 1262 1126 1286 B.
1140 1269 1162 1291 c,
1180 1268 1242 1292 quae
1257 1268 1316 1287 mea
1330 1262 1385 1289 sin
1404 1262 1507 1293 Enim,
1523 1262 1610 1294 ”Leg.
1627 1269 1688 1288 mea

107 1310 176 1335 eslf
192 1312 219 1334 et
233 1309 270 1333 sic
286 1308 366 1334 Both.
383 1307 607 1339 aliique—«804.
628 1307 696 1336 Meo,
714 1305 923 1337 monosyu.—B.
937 1305 960 1334 1,
978 1303 1009 1328 B.
1022 1311 1049 1332 c,
1065 1304 1193 1334 namma,-
1210 1305 1238 1328 et
1253 1303 1384 1328 educatus
1398 1305 1443 1329 en.

164 1415 250 1448 801.

110 1473 158 1510 of
169 1472 299 1510 mine!

309 1408 476 1459 Ulixes]
527 1406 654 1444 ‘That
680 1405 863 1443 wiseacre

353 1472 415 1509 Ita
435 1470 575 1509 Pseud.
599 1474 710 1508 1058.

152 1549 172 1562 “
190 1546 267 1578 Viso
280 1546 354 1585 quid
367 1556 469 1577 rerum
483 1555 562 1575 meus
581 1543 610 1574 U
612 1544 682 1574 lires
695 1542 824 1582 egerit.''

114 1610 167 1646 Et
186 1623 221 1647 v.
245 1614 355 1652 1237.

113 1685 134 1700 “
152 1683 195 1714 Su
199 1683 320 1721 peravit
333 1682 441 1713 dolum
455 1681 625 1720 Trojanum
639 1685 734 1718 atque
749 1678 866 1709 Ulixem

192 1732 401 1764 Pseudolus.”

115 1795 227 1833 Nihil
253 1795 376 1846 igitur
405 1793 513 1832 aliud
542 1805 661 1844 quam
690 1790 866 1842 Sapiens,

114 1872 183 1896 seu
208 1857 417 1905 Πολύμητις
441 1855 677 1906 intelligitur
690 1869 702 1900 3
732 1861 772 1892 et
792 1853 868 1892 hoc

114 1922 200 1961 loco
225 1921 372 1960 ironice
404 1920 454 1959 de
485 1919 675 1958 Peniculo
701 1918 866 1963 dictum,

114 1985 209 2036 quia
226 1992 306 2023 tam
326 1984 444 2023 stulte
462 1983 548 2022 haec
571 1983 701 2034 palam
719 1981 867 2020 fecerit.

117 2049 220 2086 Nam
238 2062 328 2099 quae
350 2048 399 2086 de
418 2047 574 2098 Ulysse,
601 2048 866 2097 Agamemno-

114 2113 177 2150 nis
217 2111 450 2156 consiliario,
495 2117 656 2149 narrant
690 2110 867 2160 Interpp.

116 2175 247 2213 locum
277 2174 342 2213 hic
367 2187 447 2212 non
481 2173 651 2219 habent;
688 2172 729 2210 in
760 2172 869 2210 nulla

116 2239 222 2277 enim
245 2251 288 2276 re
311 2237 388 2275 fuit
406 2236 620 2275 Peniculus
644 2249 778 2274 suasor
800 2242 870 2274 aut

117 2301 294 2339 minister
310 2300 396 2351 regi
421 2314 515 2346 suo3
542 2299 665 2338 immo
688 2313 776 2337 suas
797 2312 868 2350 po-

117 2366 196 2404 tius
209 2378 271 2403 res
285 2365 439 2415 agebat,
458 2370 498 2403 et
510 2363 704 2415 imprimis
718 2370 868 2401 metue-

117 2430 186 2467 bat
212 2428 384 2478 litigium
415 2428 517 2466 inter
545 2427 675 2465 virum
703 2433 743 2465 et
770 2439 869 2464 uxo-

118 2505 214 2537 rem,
225 2505 275 2530 ne
286 2491 370 2542 ipse
383 2504 495 2530 coena
505 2490 716 2530 excideret.
744 2489 868 2542 (Vide

120 2569 185 2593 vv.
204 2561 265 2594 50.
284 2555 363 2608 75.)

169 2651 224 2659 —-
272 2628 353 2667 Suo
381 2627 501 2680 regi]
555 2628 623 2667 Sic
648 2627 870 2679 appellatur

119 2691 404 2738 Menaechmus,
446 2699 540 2730 noto
573 2692 766 2737 vocabulo
800 2705 869 2743 pa-

120 2754 257 2800 tronis,
300 2770 324 2794 a
366 2756 446 2794 suis
490 2755 634 2807 cuique
677 2755 870 2807 parasitis,

120 2818 257 2857 indito.
312 2819 401 2858 Ter.
430 2819 588 2858 Phorm.
606 2819 662 2858 11.
684 2833 726 2858 11.
746 2824 808 2858 24.

931 1405 951 1418 “
965 1401 1068 1433 Nemo
1078 1402 1151 1433 satis
1161 1413 1217 1440 pro
1229 1402 1336 1434 merito
1347 1403 1474 1442 gratiam
1487 1406 1554 1443 reg-i
1565 1405 1688 1436 refert.’'

932 1465 1052 1503 Plura
1070 1465 1250 1516 exempla
1268 1466 1360 1504 vide
1377 1466 1419 1503 in
1438 1467 1565 1505 Gloss.

985 1555 1070 1589 803.
1125 1550 1275 1602 Illius.]
1321 1549 1409 1588 Vita
1429 1564 1500 1589 sua
1520 1551 1686 1597 dixerat,

932 1613 1000 1651 sed
1028 1613 1191 1664 corrigit
1214 1627 1255 1651 se
1278 1614 1352 1651 iste
1377 1613 1586 1659 Patronus,
1614 1628 1688 1653 nec

931 1676 1110 1714 Peniculi
1149 1690 1234 1715 eam
1270 1676 1440 1727 amplius
1475 1691 1572 1722 esse,
1616 1677 1688 1716 sed

932 1753 1040 1777 suam
1064 1738 1188 1791 ipsius
1205 1739 1383 1791 judicat3
1413 1740 1507 1791 quia
1525 1741 1686 1786 scilicet,

932 1816 1023 1842 cum
1041 1803 1168 1841 aliena
1186 1803 1321 1841 vivere
1343 1803 1494 1855 quadra
1511 1805 1688 1843 animum

934 1867 1054 1905 semel
1097 1866 1300 1905 induxerit
1346 1868 1553 1918 parasitus,
1600 1869 1690 1920 ipso

934 1930 1039 1968 facto
1070 1929 1120 1968 de
1155 1930 1217 1968 sui
1243 1930 1335 1981 jure
1364 1931 1564 1969 concedit:
1606 1932 1688 1969 Im-

934 2001 1077 2046 putant
1093 1994 1200 2032 enim
1219 1994 1294 2032 ista
1319 1995 1458 2045 Reges,
1486 2003 1527 2033 et
1551 2009 1689 2046 quam·

935 2058 994 2096 vis
1011 2072 1134 2109 parva
1150 2065 1282 2096 tamen
1299 2058 1508 2109 imputant.

987 2158 1073 2191 804.
1115 2152 1206 2190 Meo
1223 2152 1304 2191 cibo
1321 2158 1355 2190 et
1369 2155 1558 2206 sumptu]
1586 2155 1688 2192 Con-

935 2217 994 2254 fer
1014 2217 1103 2255 Ter.
1122 2216 1282 2254 Phorm.
1300 2217 1356 2254 II.
1376 2229 1424 2254 11.
1443 2223 1609 2257 25—31.

935 2292 957 2307 “
974 2291 1053 2322 Ten'
1061 2290 1256 2329 asymbolum
1268 2291 1385 2329 venire,
1394 2302 1490 2330 quum
1500 2291 1554 2323 ille
1561 2296 1689 2330 sumptu

1013 2340 1221 2372 absumitur.''
1235 2351 1303 2379 sqq.

936 2415 1006 2453 ubi
1034 2415 1275 2466 lepidissime
1311 2415 1574 2467 parasitorum
1610 2415 1692 2454 vita

935 2478 1183 2517 describitur.

983 2587 1039 2597 ——
1067 2565 1243 2616 Anima]
1264 2570 1275 2587 ‘
1287 2564 1365 2602 His
1373 2564 1536 2602 breath.’
1559 2564 1690 2611 Quam

936 2629 1057 2667 solam
1074 2628 1268 2679 permittit
1283 2635 1327 2665 ut
1335 2627 1534 2679 propriam
1547 2628 1691 2668 habeat

935 2692 1009 2730 iste
1026 2692 1145 2730 homo
1162 2691 1339 2729 omnium
1357 2691 1599 2730 miserrimus
1609 2706 1622 2738 3
1649 2699 1690 2731 et

937 2768 1020 2794 sese
1046 2755 1130 2806 jam
1156 2755 1229 2792 hac
1255 2767 1416 2804 quoque
1439 2768 1530 2794 eum
1556 2755 1689 2806 priva-

937 2826 1070 2858 turum
1099 2818 1384 2857 interminatur.
