1826 3164
618 266 1052 318 MENAECHMEI.
1575 254 1631 294 15

184 419 297 466 Sum
328 413 585 478 judicatus,
621 407 747 455 ultro
781 420 849 458 eo,
884 409 941 448 ut
974 414 1051 446 me
1085 394 1278 442 vinciat.

183 502 311 550 Nam
347 499 447 547 illic
479 495 620 543 homo
654 489 869 539 homines
903 500 996 533 non
1029 480 1132 535 alit,
1167 492 1328 526 verum
1365 473 1534 523 educat

183 585 510 644 Recreatque3
546 574 708 624 nullus
740 569 909 619 melius
942 563 1226 614 medicinam
1262 559 1403 607 facit:

190 669 267 716 Ita
298 673 370 714 est
402 660 675 710 adulescens
704 656 835 718 ipsus
866 665 979 698 escae
1009 657 1270 696 maxumae:

190 747 406 820 Cereales
435 759 587 793 coenas
620 740 731 787 dat:
766 738 837 784 ita
871 747 1054 781 mensas
1088 726 1306 780 exstruit,
1591 730 1642 764 25

191 833 372 881 Tantas
404 827 599 877 struices
634 821 883 871 concinnat
914 812 1200 880 patinarias:
1533 812 1536 815 ’

198 915 538 966 Standumest
568 910 619 956 in
648 906 786 960 lecto,
819 903 858 950 si
893 898 1008 964 quid
1042 896 1101 944 de
1135 909 1318 942 summo
1351 897 1498 955 petas.

197 1000 292 1049 Sed
326 999 392 1045 mi
425 991 727 1044 intervallum
757 991 857 1052 jam
890 984 975 1032 hos
1009 982 1109 1030 dies
1144 978 1320 1026 multos
1355 974 1476 1022 fuit:

199 1082 371 1141 (Domi
402 1078 610 1128 domitus
638 1073 710 1121 fui
741 1085 889 1134 usque
924 1082 1031 1115 cum
1068 1063 1185 1112 caris
1219 1060 1363 1108 meis:

72 1268 139 1293 1500.
173 1265 260 1291 Bothe
275 1269 348 1290 vero,
364 1266 445 1292 quem
460 1257 532 1283 male
546 1258 652 1282 secums
667 1255 708 1279 est
725 1251 825 1280 Weue,
843 1250 869 1275 d
884 1248 994 1274 tantan·
1019 1243 1092 1270 Vide
1106 1244 1136 1269 in
1152 1241 1339 1268 mon—49.
1358 1238 1480 1269 Pro-fisi,
1497 1237 1528 1262 B.
1543 1238 1565 1267 1,
1583 1237 1613 1262 B.
1628 1243 1652 1265 e,

71 1315 140 1337 sun,
156 1298 275 1330 α’νεκθλ
280 1297 397 1326 imme.
467 1304 473 1309 ·

125 1379 188 1412 21.
243 1370 334 1409 Sum
343 1363 588 1420 judicatus]
646 1361 692 1399 In
712 1370 832 1410 quam

76 1438 239 1476 domum
275 1430 431 1484 jamdiu
472 1439 560 1466 sum
600 1424 832 1465 damnatus;

78 1500 239 1544 scilicet,
257 1495 439 1534 addictus
458 1503 545 1530 sum
564 1488 600 1527 ei
625 1484 738 1539 quasi
761 1495 834 1535 per

75 1562 224 1616 judicis
241 1556 485 1598 sententiam.

131 1633 195 1666 23.
255 1621 398 1662 Nullus
441 1617 574 1657 melius
617 1611 837 1652 medicinam

69 1688 217 1743 jacit]
271 1684 421 1724 Nullus
452 1687 513 1720 est
541 1677 732 1720 medicus,
769 1685 840 1724 qui

83 1750 379 1807 praesentiorem
433 1741 673 1783 medicinam
724 1736 842 1788 aegris

84 1817 215 1860 faciat,
228 1826 348 1866 quam
361 1807 518 1863 gutturi
531 1803 742 1854 ventrique
754 1812 843 1838 meo

86 1879 268 1920 famelico
286 1873 570 1915 Menaechmus.
622 1868 756 1906 Douz.

140 1949 203 1983 24.
259 1940 369 1979 Escae
387 1933 609 1985 maxumam]
645 1937 657 1954 ‘
671 1927 788 1968 Fond
805 1926 853 1965 of

90 2007 196 2061 good
212 2005 366 2055 living‚'
394 2000 458 2040 vel
485 1998 556 2050 qui
582 2007 711 2035 eseam
738 1993 848 2043 large

67 2121 70 2123 Α
91 2071 257 2124 praebet,
284 2072 296 2088 ‘
311 2066 448 2116 Keeps
474 2077 498 2102 a
523 2059 629 2113 good
654 2056 785 2097 table-³

143 2139 208 2174 25.
264 2129 442 2170 Cereales
463 2138 592 2165 coenas
615 2121 719 2174 dat]
772 2119 798 2156 i.
816 2131 849 2156 e.

94 2199 278 2251 opiparas
290 2201 331 2234 et
346 2190 482 2232 multis
494 2187 657 2228 ferculis
673 2184 850 2224 refertas.

97 2264 202 2302 Nam
215 2257 444 2299 Cerealibus
463 2253 641 2293 solebant
656 2247 776 2301 genio
792 2246 854 2283 in-

99 2326 264 2376 dulgere
277 2329 318 2361 et
330 2320 493 2372 opipare
512 2313 676 2367 epulari.
716 2311 854 2349 ΙιΑΜΒ.

151 2388 215 2429 26.
274 2385 424 2424 Tantas
440 2377 643 2430 stt-uicem]
686 2375 855 2414 Senten-

102 2453 158 2492 tia
186 2458 259 2496 est,
287 2460 419 2488 coenas
448 2445 563 2484 illum
591 2441 719 2480 lautas
750 2437 857 2481 dare,

104 2527 257 2555 mensas
282 2508 524 2552 cumulando
544 2503 708 2545 ferculis
732 2499 859 2553 pluri-

107 2578 195 2624 mis,
218 2584 259 2616 et
281 2574 394 2628 quasi
420 2573 498 2611 alte
524 2570 680 2623 patinas
707 2571 861 2605 exstru-

111 2640 233 2679 endo:
273 2639 395 2678 Face.
435 2634 614 2674 Eandem
648 2628 863 2680 imaginem

112 2702 298 2755 exprimit
322 2701 470 2740 Noster
497 2698 766 2737 Mrssmonm

114 2778 134 2792 ¹¹
151 2775 219 2808 The
229 2774 331 2808 dianes
340 2783 419 2806 were
431 2770 547 2810 ranged
557 2779 617 2800 one
627 2776 713 2806 upon
723 2763 865 2798 another,

155 2825 200 2855 As
212 2825 444 2862 voodmongers
455 2823 495 2853 do
508 2818 648 2858 billetsssf

363 2873 434 2913 city
451 2871 588 2902 Madam-
611 2869 686 2901 Act.
699 2866 748 2898 11.
769 2866 823 2896 Sc.
839 2865 867 2894 1.

951 1358 1014 1399 29.
1070 1349 1184 1388 Domi
1203 1346 1403 1398 domitus]
1430 1344 1562 1383 Vertit
1582 1344 1658 1382 lnt.

900 1416 1081 1455 Britann.

924 1482 932 1495 ‘
949 1477 1086 1515 Homely
1102 1475 1171 1506 I've
1186 1473 1270 1505 lived
1283 1477 1317 1503 at
1328 1471 1421 1502 home
1436 1469 1510 1500 with
1523 1480 1575 1508 my
1588 1469 1662 1500 dear

980 1528 1108 1564 friends,

952 1580 1012 1611 For
1025 1578 1068 1610 all
1082 1577 1098 1608 I
1112 1581 1163 1608 eat
1176 1586 1211 1607 or
1226 1575 1291 1612 buy
1304 1573 1330 1605 is
1343 1573 1417 1604 deas
1429 1577 1462 1602 to
1475 1571 1549 1602 mel

827 1672 836 1680 .
905 1642 961 1681 Et
978 1639 1134 1680 confert
1152 1637 1346 1679 Mrm’ox,
1365 1634 1534 1671 Comus:

926 1720 947 1733 ‘¹
965 1715 997 1746 1t
1010 1714 1035 1745 is
1047 1713 1093 1744 for
1107 1711 1221 1751 hemely
1235 1713 1392 1741 creatores
1406 1712 1438 1737 to
1450 1706 1531 1743 keep
1545 1704 1639 1740 home,

965 1764 1055 1802 They
1068 1763 1131 1794 had
1145 1760 1226 1792 their
1238 1768 1330 1790 name
1343 1754 1533 1788 thence—.”

910 1827 1059 1866 Sensus
1089 1830 1173 1869 est;
1216 1821 1305 1872 Ego
1334 1824 1531 1871 perpetuo
1561 1814 1670 1853 domi

912 1890 1134 1933 conclusus,
1152 1884 1319 1938 fractus
1347 1886 1384 1920 et
1415 1879 1581 1918 mollitus
1595 1876 1671 1930 fui

911 1963 1101 2005 tanquam
1115 1951 1213 1995 fera,
1226 1961 1319 1987 cum
1335 1944 1439 1984 caris
1451 1942 1554 1982 meis.
1584 1942 1675 1980 Hos

912 2032 988 2072 pro
1005 2014 1141 2056 amicis
1163 2009 1419 2054 intellexeris,
1438 2014 1486 2046 ut
1510 2004 1565 2044 τά
1587 2007 1675 2056 φίλ-

916 2098 1023 2121 τατα
1062 2092 1138 2131 pro
1175 2074 1325 2119 liberis,
1362 2070 1597 2125 parentibus
1636 2075 1677 2107 et

918 2144 1071 2186 oaeteris
1104 2139 1283 2193 cognatis
1313 2141 1552 2188 usurpatur:
1600 2132 1679 2173 Sed

918 2208 1040 2253 aliud,
1048 2206 1152 2245 risus
1161 2216 1291 2248 causa,
1301 2199 1497 2252 significat
1503 2213 1516 2244 3
1534 2209 1679 2248 nempe

921 2286 963 2312 se
980 2284 1072 2311 cum
1091 2268 1203 2314 cibis,
1222 2279 1322 2318 quos
1339 2264 1432 2302 ideo
1447 2274 1560 2301 caros
1576 2272 1681 2298 nun-

922 2342 1044 2388 cupat
1059 2346 1140 2372 non
1163 2330 1283 2370 modo
1308 2328 1403 2380 quia
1427 2325 1503 2365 sibi
1529 2321 1681 2362 amicis-

923 2398 1010 2439 simi
1032 2395 1212 2436 omnium
1236 2399 1342 2438 sunt,
1362 2389 1431 2429 sed
1451 2388 1571 2428 etiam
1589 2385 1686 2437 quia

925 2475 994 2502 suo
1018 2465 1182 2511 sumptu
1205 2461 1410 2508 parantur,
1429 2449 1538 2489 domi
1561 2448 1687 2488 fuisse

927 2525 1147 2565 domitum:
1175 2533 1266 2560 cum
1289 2518 1396 2558 enim
1417 2513 1686 2553 parasitorum

929 2590 980 2629 sit
997 2587 1124 2627 aliena
1148 2583 1300 2636 quadra
1317 2581 1464 2625 vivere,
1483 2575 1686 2619 nimirum,

932 2654 965 2700 si
980 2648 1188 2704 quiddomi
1201 2644 1440 2699 paraverint,
1449 2639 1689 2691 carissimum

931 2729 1090 2757 necesse
1106 2712 1240 2752 fuerit.
1283 2710 1332 2748 In
1345 2707 1441 2746 Aul.
1455 2711 1546 2751 330,
1560 2704 1690 2743 Senex

932 2793 1149 2837 perparcus
1173 2789 1270 2816 cara
1295 2787 1380 2814 esse
1402 2771 1536 2811 omnia
1559 2768 1690 2821 queri·

934 2855 1014 2891 tur,
1045 2857 1124 2883 non
1156 2839 1264 2892 quod
1294 2850 1433 2876 revera
1462 2834 1520 2873 sic
1543 2837 1695 2881 essent,
