1826 3164
572 504 1257 597 PROLOGUS3

291 891 559 944 SALUTEM
595 890 799 954 primum
827 891 928 952 jam
964 906 991 937 a
1020 889 1251 953 principio
1280 889 1532 953 propitiam

142 969 146 973 ’
226 973 356 1021 Mihi
390 981 530 1037 atque
564 973 708 1029 vobis»,
742 979 1037 1037 spectatores,
1071 972 1255 1020 nuntio.

224 1056 443 1120 Apporto
474 1043 603 1104 vobis
633 1055 865 1104 Plautum
894 1055 1074 1119 lingua,
1108 1071 1203 1103 non
1234 1070 1407 1104 manu:

225 1139 413 1197 Quaeso,
444 1147 500 1188 ut
531 1139 750 1204 benignis
776 1138 1014 1204 accipiatis
1048 1139 1251 1188 auribus.

224 1222 370 1272 Nunc
387 1231 718 1289 argumentum
742 1223 953 1287 accipite,
976 1230 1119 1287 atque
1133 1224 1346 1272 animum
1363 1223 1615 1273 advortite:
1646 1236 1668 1270 5

226 1308 387 1365 Quam
418 1316 579 1372 potero
610 1309 661 1356 in
695 1308 834 1356 verba
867 1306 1099 1356 conferam
1133 1308 1443 1372 paucissuma.

226 1392 395 1456 Atque
427 1391 516 1441 hoc
547 1400 696 1457 poetae
728 1391 910 1440 faciunt
942 1392 993 1439 in
1024 1391 1289 1440 comoediis:

226 1473 406 1524 Omnes
438 1493 511 1525 res
541 1483 696 1540 gestas
731 1493 829 1524 esse
862 1472 1076 1524 Athenis
1109 1482 1375 1532 autumant,

228 1559 342 1616 Quo
373 1576 574 1625 graecum
606 1560 736 1608 vobis
769 1559 892 1608 illud
924 1559 1142 1608 videatur
1174 1560 1354 1624 magis;

229 1643 339 1708 Ego
367 1660 598 1709 nusquam
634 1644 803 1700 dicam,
836 1643 943 1699 nisi,
978 1644 1061 1691 ubi
1095 1643 1274 1691 factum
1309 1644 1497 1693 dicitur.
1627 1656 1673 1688 10

229 1724 399 1790 Atque
430 1726 546 1775 adeo
578 1726 666 1775 hoc
696 1733 1028 1791 argumentum
1055 1727 1323 1791 graecissat;
1358 1733 1518 1776 tamen

433 1863 499 1888 mo.
532 1862 683 1893 ημᾶς,
717 1862 1081 1893 Quoiuuavobtsyroecum
1097 1861 1333 1894 mmmmm.

152 1973 187 2007 3.
243 1967 452 2019 Apporto]
484 1966 588 2004 Cum
613 1966 736 2004 verbo
759 1979 855 2003 usus

101 2028 152 2070 sit
170 2031 279 2083 quod
299 2031 458 2083 proprie
478 2037 539 2068 est
559 2042 678 2068 onera
697 2035 854 2080 gestan-

102 2096 215 2140 tium,
232 2108 283 2133 ne
308 2094 397 2145 quis
420 2093 531 2132 aliter
551 2106 670 2144 quam
689 2105 752 2131 res
772 2099 856 2130 erat

102 2159 282 2211 accipiat,
298 2157 459 2210 subjicit
470 2157 618 2210 lingua,
633 2156 729 2208 (h.e.
740 2157 854 2196 fabu-

103 2223 181 2261 lam
212 2221 467 2272 Plautinam,)
495 2234 569 2259 non
600 2234 728 2265 manu,
760 2220 857 2270 (non

102 2287 300 2325 hominem
314 2286 464 2338 ipsum)
483 2284 594 2322 vobis
607 2290 784 2335 apporto.
817 2284 855 2321 ‘I

104 2350 222 2400 bring
245 2362 325 2400 you
351 2348 516 2386 Plautus
538 2359 589 2384 on
609 2359 677 2397 my
695 2353 855 2397 tongue,

104 2421 174 2451 not
195 2413 237 2450 in
261 2426 328 2463 my
346 2411 475 2450 hand.¹
530 2410 655 2448 Ludit
678 2409 856 2448 similiter

104 2474 146 2512 in
166 2474 308 2514 Bacch.
328 2474 430 2512 Prol.
455 2479 513 2513 14.

138 2549 159 2563 ¹‘
168 2548 266 2580 Aures
278 2548 349 2579 date
362 2547 486 2584 otiosas,
500 2552 533 2578 at
545 2557 604 2578 non
617 2548 652 2577 in
664 2546 823 2578 manum.''

160 2630 197 2670 6.
250 2630 374 2674 Quam
392 2635 537 2683 potero,
561 2631 660 2683 etc.]
714 2631 758 2668 ‘I
777 2629 859 2668 will

110 2694 160 2732 be
185 2707 226 2732 as
251 2694 358 2733 brief
383 2708 425 2732 as
453 2694 472 2732 1
501 2696 596 2733 can.’
649 2694 859 2732 Conferam

112 2757 424 2809 (argumentum)
476 2758 518 2796 in
567 2759 686 2797 verba
740 2771 859 2808 quam

111 2827 247 2870 potero
272 2820 514 2871 paucissima.

973 1971 1008 2004 8.
1064 1964 1202 2003 Omnes
1221 1978 1296 2011 res,
1315 1966 1416 2018 etc.]
1470 1937 1676 2020 Plerisque

921 2024 1091 2066 Cornicis
1116 2026 1142 2073 η’
1163 2027 1279 2074 σκηνή
1299 2030 1370 2067 τοῦ
1391 2029 1579 2083 δράματος
1603 2033 1675 2071 fin-

920 2089 1030 2140 gitur
1046 2103 1131 2128 esse
1149 2090 1330 2130 Athenis.
1385 2093 1517 2132 Scma.

972 2170 1008 2210 9.
1068 2163 1245 2201 Groecum
1259 2164 1393 2219 illud.]
1433 2167 1601 2215 Scilicet,
1616 2182 1675 2207 ar-

919 2233 1166 2277 gumentum.
1209 2228 1507 2280 Expectaveris‚
1531 2232 1678 2271 Graecae

921 2288 1008 2335 illoe,
1029 2289 1192 2342 (nempe
1210 2292 1457 2346 Comoediae.)

976 2369 1035 2403 10.
1090 2363 1292 2417 Nusquam
1311 2366 1473 2420 dicam]
1529 2370 1677 2420 Repete

922 2441 946 2465 a
963 2440 1072 2478 seqq.
1084 2427 1255 2478 sactum.

979 2508 995 2540 1
1006 2507 1038 2540 l.
1067 2500 1156 2540 Hoc
1165 2508 1431 2554 argumentum
1438 2503 1679 2558 grincissat]

925 2564 1063 2603 Partes
1072 2565 1234 2616 quidem
1244 2566 1391 2604 fabulae
1399 2574 1524 2617 agunt
1534 2568 1678 2613 Graeci,

924 2641 1004 2666 non
1038 2635 1170 2667 tamen
1204 2628 1478 2676 Athenienses,
1508 2644 1583 2670 nec
1617 2645 1679 2671 res

926 2691 1096 2730 Athenis
1114 2698 1235 2743 gestae
1254 2699 1363 2738 sunt;
1387 2693 1456 2732 sed
1474 2693 1677 2734 Menaech-

925 2755 980 2792 mi
999 2763 1091 2794 sunt
1111 2755 1245 2802 Siculi,
1262 2755 1465 2806 Syracusis
1478 2758 1573 2803 nati,
1589 2772 1678 2809 quae

928 2819 1021 2857 urbs
1046 2833 1069 2857 a
1095 2818 1310 2857 Corinthiis
1333 2827 1417 2858 erat
1443 2821 1613 2867 condita,
1637 2822 1677 2858 in
