1864 3152
631 230 696 271 IN
732 228 1197 271 AULULARIAM.
1583 226 1667 266 135

140 357 311 410 ἁρπάζῃ.
358 358 468 397 Trin.
492 363 580 397 218.
636 356 884 409 “Har-pago,
912 356 1095 400 mendax,
1128 354 1306 394 avarus?
1360 350 1440 389 Ubi
1469 350 1671 402 metapho-

141 431 221 469 rioe
247 432 429 469 sumitur.

220 562 303 601 159.
365 547 689 608 Intervisam.]
750 554 880 595 Must
893 567 956 610 gv
979 554 1029 593 in
1052 552 1146 592 and
1167 553 1275 593 look.
1338 555 1446 593 Infra
1473 559 1560 598 317.

222 688 304 727 162.
363 680 613 742 Rebitur]
680 686 782 726 Will
803 697 1001 739 suppose.
1059 687 1325 726 Existimabit.
1374 687 1413 725 A
1442 697 1540 726 reor.

222 802 305 840 163.
365 795 694 861 Paupertate]
758 804 837 842 Pro
851 803 1100 856 pauperibus.
1155 803 1261 841 vide
1279 803 1394 842 Nott.
1429 803 1497 842 Sic
1515 803 1676 843 sanast„

144 887 228 925 Cat.
251 899 283 924 c.
305 899 400 924 mu.
458 887 641 937 “quue
670 886 833 931 factum,
861 886 920 924 uti
949 882 1108 923 divitias
1124 890 1353 936 paupertas,
1379 885 1676 924 multitudinem

140 963 333 1014 paucitas,
354 964 593 1014 superaret-'²
648 962 729 1000 Pro
750 975 955 1015 pauperes,
975 970 1016 1000 et
1031 960 1160 1013 pauci.
1201 961 1260 999 lb.
1285 961 1382 1011 Jug.
1405 974 1438 999 c.
1460 973 1516 998 iv.
1554 962 1677 999 “Ho-

144 1038 270 1076 mines
304 1038 411 1082 novi,
448 1038 517 1089 qui
546 1037 650 1075 soliti
681 1045 795 1076 erant
826 1035 1052 1074 nobilitatem
1081 1034 1345 1072 antevenire.''
1399 1034 1480 1072 Pro
1506 1034 1677 1078 nobiles,-

145 1113 255 1161 (The
285 1113 484 1165 nobility.)
537 1112 593 1151 Et
619 1126 652 1151 c.
671 1124 711 1149 v.
767 1112 911 1150 “Tum
939 1111 1115 1163 primum
1147 1110 1343 1161 superbiae
1372 1108 1584 1148 nobilitatis
1606 1111 1677 1148 ob-

63 1220 72 1227 ,
146 1186 251 1224 viam
275 1186 376 1225 itum
398 1188 492 1225 est.”
547 1186 615 1224 Bis
638 1186 692 1224 in.
716 1199 749 1224 c.
768 1198 869 1223 x111.
925 1185 1027 1224 Item
1054 1198 1089 1223 c.
1110 1197 1212 1222 xxx.
1238 1186 1310 1224 &c-
1363 1185 1483 1223 Adde
1507 1185 1676 1223 Servitia

146 1273 220 1312 pro
246 1273 385 1305 servos,
417 1260 507 1299 Sall.
525 1261 609 1298 Cat.
630 1272 746 1298 xxiv.
802 1259 859 1298 Et
881 1258 1042 1297 Auxilia
1062 1272 1137 1311 pro
1165 1259 1401 1304 Auaeiliares,
1432 1259 1553 1298 Nost:
1580 1259 1678 1298 cist.

146 1338 234 1370 200.
288 1331 479 1371 Juventus
504 1345 579 1383 pro
593 1333 774 1383 juvenes,
804 1332 912 1370 Men.
944 1332 973 1369 1.
1021 1332 1136 1370 Cure.
1165 1336 1227 1369 38.
1284 1331 1371 1369 Etc.
1425 1330 1538 1369 Infra
1563 1337 1653 1370 344.

223 1448 307 1487 164.
372 1442 547 1502 Perit.]
611 1452 717 1491 Perf.
737 1452 865 1504 periit.
888 1465 960 1503 per
984 1451 1124 1490 crasin.
1179 1450 1235 1488 Ut
1258 1451 1354 1489 Juv.
1374 1449 1455 1488 Sat.
1476 1449 1600 1488 V111.
1617 1449 1681 1489 86.

147 1536 174 1553 “
190 1530 350 1581 Dignus
374 1537 500 1567 morte
518 1527 659 1580 perit.”
686 1527 726 1565 h.
745 1541 778 1566 e.
802 1527 930 1578 periit
985 1526 1119 1576 (Ham
1141 1525 1332 1578 perished.
1386 1525 1428 1563 Is
1452 1532 1495 1563 to
1516 1526 1567 1563 be
1587 1538 1681 1564 con-

147 1604 303 1643 siden-ed
330 1603 518 1653 virtually
545 1616 587 1641 as
614 1602 749 1653 dead.)

222 1721 308 1759 170.
371 1707 539 1769 Fida]
602 1713 853 1755 Chao-aeter.
919 1716 1024 1753 Men.
1047 1720 1136 1758 475.
1192 1715 1310 1753 “Res
1327 1715 1455 1765 magis
1474 1717 1680 1767 quaeritun

148 1811 268 1850 quam
282 1797 405 1847 fides,
434 1795 700 1848 Quojustnodi
728 1795 893 1834 clueat.”

227 1911 311 1948 172.
376 1898 511 1946 Mala
533 1896 755 1954 malitia]
826 1904 887 1942 Id.
919 1917 986 1954 qu.
1014 1902 1101 1941 dolo
1128 1902 1239 1941 malo.
1294 1903 1352 1941 Et
1385 1904 1548 1942 omnino
1574 1912 1682 1943 recte

147 1986 250 2025 mala
279 1986 490 2038 adjicitur-5
535 1993 581 2023 ut
612 1985 655 2022 in
687 1983 833 2022 Pseud.
863 1988 952 2028 578,
1003 1982 1203 2021 “Malitia
1227 1982 1494 2035 fraudulenta
1505 1986 1551 2028 ;''
1585 2000 1680 2025 nam

148 2061 257 2113 apud
286 2061 466 2100 Comicos
496 2060 604 2099 haud
632 2073 723 2097 raro
753 2058 917 2106 malitia,
965 2072 1083 2097 sensu
1107 2057 1319 2097 calliditate
1359 2072 1427 2097 seu
1456 2065 1554 2106 arte,
1588 2062 1683 2111 (nec

150 2137 218 2176 illa
243 2144 376 2175 tamen
404 2137 620 2187 improba,)
651 2142 879 2186 usurpatur.
945 2134 995 2172 Ε.
1020 2148 1062 2185 g.
1094 2134 1187 2173 Ter.
1216 2134 1378 2172 Phorm.
1410 2135 1480 2173 IV.
1512 2148 1580 2175 111.
1618 2144 1681 2177 54.

150 2211 335 2249 “Utrum
365 2209 532 2247 stultitia
557 2210 687 2248 facere
714 2223 791 2260 ego
818 2209 926 2248 hunc
954 2223 1005 2247 an
1039 2208 1184 2247 malitia
1218 2209 1374 2254 Dicam,
1410 2210 1599 2249 scientem
1630 2226 1682 2251 an

150 2282 458 2334 imprudentem,
503 2282 677 2320 incertus
723 2285 849 2321 sum.”
916 2283 999 2335 (By
1037 2283 1210 2335 design.)
1285 2285 1398 2323 Nost.
1436 2285 1555 2336 Epid.
1591 2292 1681 2333 537,

149 2363 177 2382 “
193 2357 403 2396 Muliebris
432 2357 488 2395 mi
514 2357 740 2397 adhibenda
770 2367 830 2398 est
860 2372 968 2398 nunc
1003 2359 1190 2398 malitia.''
1257 2359 1298 2409 (Ι
1329 2367 1438 2398 must
1482 2360 1584 2400 have
1617 2375 1682 2401 re-

151 2445 290 2471 course
320 2439 363 2470 to
398 2431 588 2470 feminine
619 2433 829 2485 cunning.)
898 2434 952 2472 Et
977 2440 1066 2477 720.
1135 2440 1162 2457 “
1177 2434 1257 2472 Hic
1287 2427 1329 2472 is'
1350 2434 1472 2472 homo
1500 2443 1573 2481 est,
1609 2438 1682 2488 qui

150 2509 374 2547 libertatem
405 2507 553 2546 malitia
585 2508 738 2548 invenit
768 2510 876 2548 sual*
927 2510 1027 2560 (His
1057 2510 1309 2561 adroitness.)
1364 2510 1447 2549 Cic.
1474 2512 1561 2552 Att.
1589 2513 1683 2553 XV.

150 2587 214 2627 26.
278 2594 305 2610 “
317 2588 407 2628 Tua
430 2587 618 2626 malitia?
683 2588 990 2642 (Shrewdness.)
1056 2592 1163 2630 citat
1191 2598 1372 2629 nostrum
1400 2591 1532 2630 locum
1562 2591 1682 2631 Non:

152 2676 239 2714 etp.
258 2662 335 2701 vl.
366 2667 428 2702 38.
456 2671 498 2702 et
527 2663 596 2709 ait,
622 2663 852 2720 ”Muluium
877 2662 1041 2713 veteres,
1073 2674 1119 2703 ut
1147 2666 1297 2711 dolum,
1326 2664 1496 2704 mediam
1531 2678 1683 2717 ponem

156 2737 246 2775 dam
274 2750 360 2776 esse
387 2737 600 2783 duxerunt,
630 2739 741 2790 quasi
772 2740 823 2778 sit
850 2747 890 2778 et
918 2731 1058 2778 ‘bonas‘
1508 2727 1510 2730 Ι
1575 2714 1585 2730 ι’
1673 2723 1678 2726 ”
