1864 3152
658 238 723 279 IN
760 237 1199 279 MENAECHMOS.
1603 232 1688 288 177

163 366 259 405 ldaei
297 366 477 417 Phryges
522 366 779 405 invenerunt:
828 365 996 416 ideoque
1044 364 1285 416 Phrygiones
1328 362 1513 414 appellati
1560 364 1688 402 sunt.''

161 441 355 479 Numerat
383 442 526 480 Noster
549 441 651 480 inter
668 453 802 481 rerum
826 440 1079 480 muliebrium
1105 438 1285 484 artifices,
1312 437 1405 477 Aul.
1426 442 1511 484 459.
1567 443 1592 458 “
1606 437 1690 477 Stat

159 515 270 561 fullo,
295 515 474 567 phrygio,
504 515 668 559 aurifex,
696 514 901 554 lanarius.'’

233 633 321 666 333.
387 621 810 679 Reconcinnetur]
897 624 961 664 Be
1013 623 1242 676 repaired‚·
1295 622 1423 677 fresh
1479 620 1688 662 trimmed.

160 702 270 739 Infra
283 708 370 741 4⁶28.
399 703 543 742 Denuo
561 708 777 752 reparetur,
797 700 1041 738 resarciatur.
1071 698 1134 736 De
1153 698 1342 743 concinno,
1363 698 1464 736 Vide
1484 697 1615 749 Supra
1628 696 1690 736 26.

158 776 258 814 Caes.
279 776 326 813 Β.
347 776 396 814 G.
417 776 472 813 ΙΙ.
504 781 560 815 15.
616 774 846 812 “Diuturni
874 774 1018 811 laboris
1050 772 1333 811 detrimentum
1365 773 1521 813 solertia
1548 779 1587 813 et
1614 772 1693 809 vir-

156 858 243 889 tute
270 851 440 888 militum
467 850 577 888 brevi
606 848 930 887 reconcinnatur.'¹
984 848 1034 897 (is
1060 847 1271 898 repaired.)
1298 847 1336 884 h.
1355 861 1388 885 e.
1416 847 1601 886 reficitur.

247 986 313 992 —-
387 953 583 1020 Opera]
654 957 764 997 New
796 960 1076 1002 ornaments‚·
1111 969 1159 994 or
1172 956 1360 1010 figures.

233 1083 321 1116 334.
387 1072 610 1130 Eadem]
674 1080 781 1118 Vide
801 1080 911 1118 Nott.
945 1079 1012 1117 Sic
1031 1079 1127 1116 Cist.
1148 1084 1235 1123 379.
1276 1077 1457 1116 “Eadem
1476 1077 1509 1117 si
1527 1090 1688 1128 possum

156 1159 417 1209 tranquillum
450 1159 612 1197 facere.”
667 1158 815 1211 Amph.
847 1157 953 1196 Prol.
988 1163 1048 1196 54.
1103 1156 1447 1194 “commutavero
1481 1157 1620 1201 eadem,
1658 1156 1689 1193 si

159 1234 312 1272 voltis.'’
367 1234 451 1272 Mil.
485 1239 571 1274 305.
627 1233 747 1272 “Hic
781 1240 821 1271 te
857 1232 1062 1284 opperiar;
1103 1233 1230 1270 eadem
1266 1232 1323 1270 illi
1355 1231 1516 1269 insidias
1552 1231 1689 1269 dabo.”

159 1308 241 1346 Cic.
267 1309 349 1346 Att.
377 1307 496 1346 XIII.
519 1313 581 1353 39.
635 1313 661 1329 “
674 1307 861 1353 Brutum,
890 1306 1036 1357 inquis,
1064 1306 1192 1343 eadem
1222 1305 1404 1343 scilicet.’'
1443 1305 1481 1343 h.
1502 1319 1535 1343 e.
1562 1305 1688 1343 eadem

159 1382 244 1424 via,·
275 1382 348 1433 (by
374 1382 442 1420 the
469 1394 574 1419 same
600 1380 764 1432 means.)

244 1519 310 1526 —
385 1486 726 1551 Ignorabitur]
766 1491 814 1531 It
831 1492 925 1531 will
943 1494 1021 1530 not
1040 1490 1087 1530 be
1107 1489 1268 1529 known
1288 1489 1438 1541 again.
1472 1493 1584 1531 Infra
1601 1499 1687 1537 370.

234 1616 322 1650 335.
387 1604 689 1669 Cognoscat]
742 1608 992 1662 Recognise.
1045 1613 1137 1652 Ter.
1156 1614 1260 1652 Eun.
1278 1613 1463 1659 11.1.19.
1502 1613 1689 1652 “Adeon'

158 1692 338 1731 homines
363 1692 609 1731 immutarier
635 1705 685 1730 ex
713 1704 857 1737 amore,
885 1698 931 1729 ut
957 1705 1036 1730 non
1064 1705 1275 1743 cognoscas
1302 1691 1473 1730 eundem
1500 1695 1636 1731 esse?''

230 1807 318 1845 337.
384 1794 535 1844 Hunc
558 1795 797 1860 colloqui]
851 1799 916 1840 To
936 1802 1070 1853 speak
1090 1801 1197 1841 with
1218 1800 1305 1840 this
1327 1813 1445 1841 man.
1487 1804 1684 1857 Colloqui,

159 1898 275 1923 sensu
294 1883 518 1936 albquendi,
546 1883 770 1922 accusativo
782 1883 979 1936 jungitur.

232 2010 321 2044 338.
385 1998 522 2056 Quid
543 1998 724 2063 negotii
747 2005 819 2046 est
834 1996 881 2063 ?]
939 2006 1041 2045 vide
1058 2007 1100 2044 in
1119 2008 1211 2045 Aul.
1232 2013 1319 2046 252.
1350 2007 1478 2045 Gloss.

243 2148 310 2155 —
383 2115 596 2176 Subsili.]
658 2120 797 2174 Jump
832 2134 908 2174 up.
972 2127 1007 2163 A
1055 2125 1123 2163 sub
1163 2125 1269 2164 salio.
1341 2125 1447 2164 Vide
1488 2126 1530 2163 in
1568 2126 1687 2164 Nott:

159 2210 200 2242 et
236 2203 370 2241 confer
401 2202 561 2241 Curcul.
593 2207 678 2242 154.
733 2202 860 2241 “Fite
891 2217 1008 2243 causa
1035 2218 1124 2243 mea
1153 2204 1255 2242 ludii
1285 2205 1466 2243 barbari:
1507 2203 1691 2243 Subsilite

158 2279 335 2323 obsecro,
371 2285 411 2316 et
444 2277 589 2316 mittite
623 2277 748 2316 istanc
782 2277 921 2316 foras.”
959 2278 1049 2328 (ubi
1080 2279 1254 2331 pessulos
1289 2293 1423 2317 amans
1459 2279 1688 2330 alloquitur,

155 2353 352 2405 jubetque
376 2358 422 2390 ut
445 2366 467 2390 e
485 2351 637 2390 foribus
661 2352 770 2390 ocius
788 2352 1000 2404 exsiliant.)
1055 2353 1169 2405 Capt.
1189 2353 1276 2393 563.
1331 2353 1479 2400 “Quin
1506 2354 1687 2405 quiescis,

162 2441 229 2467 cor
257 2429 418 2466 meum?
474 2425 540 2464 Tu
567 2425 779 2469 subsultas;
809 2440 884 2478 ego
910 2427 1028 2466 miser
1055 2428 1122 2466 vix
1150 2428 1262 2466 adsto
1288 2441 1371 2479 prae
1397 2428 1646 2467 formidine.⁸'

235 2542 323 2583 339.
386 2531 547 2579 Tanto
566 2530 797 2595 nequior]
831 2534 893 2576 So
914 2537 1042 2577 much
1064 2537 1135 2577 the
1154 2550 1299 2577 worse.
1356 2539 1463 2579 Vide
1489 2541 1612 2579 Nott:
1646 2542 1686 2579 in

163 2632 199 2656 v.
219 2623 306 2657 338.
334 2624 374 2656 et
400 2617 449 2656 de
475 2631 573 2656 voce
600 2630 772 2669 nequam,
801 2617 903 2656 Vide
931 2617 1062 2669 Supra
1080 2632 1116 2656 v.
1136 2624 1170 2661 7.
1202 2617 1329 2655 Gloss.

235 2730 324 2765 340.
387 2720 637 2778 Quantum
658 2720 849 2785 potesta]
886 2724 946 2765 Αε
968 2726 1099 2779 qaia-k
1120 2739 1170 2766 ae
1186 2725 1381 2779 ponible.
1430 2730 1685 2783 Frequentio-

161 2807 260 2845 sima
294 2806 403 2858 apud
438 2807 628 2852 Comicus,
664 2807 733 2847 sed
763 2807 886 2847 rarior
912 2808 1020 2858 apud
1048 2807 1156 2852 alios,
1188 2809 1369 2849 formula.
1423 2810 1570 2863 Anph.
1599 2818 1684 2857 819.

268 2883 318 2915 23

1831 216 1844 237 0
