1864 3152
644 266 711 307 IN
747 266 1183 308 MENAECHMOS.
1584 264 1670 319 137

144 408 147 412 '
222 408 285 441 22.
352 396 468 445 Νοιι
487 395 616 457 alit]
672 400 786 442 Does
805 405 882 441 not
903 400 1059 457 merely
1081 404 1277 454 support.
1335 403 1505 449 Nonius,
1525 403 1674 441 ”Alere

150 491 210 522 est
236 485 344 523 victu
370 484 575 536 temporali
605 491 842 522 sustentare:
879 482 1057 521 Educ-are
1087 496 1182 521 vero
1207 482 1259 521 ad
1286 483 1505 522 satietatem
1530 496 1675 535 perpe·

149 567 258 598 tuam
277 560 487 599 educere-‘⁶
539 560 631 598 Ter.
651 559 729 597 Ad.
751 559 828 597 ΙΙΙ.
848 572 903 596 lv.
923 562 986 598 35.
1040 563 1065 580 “
1078 558 1181 596 Geta
1197 557 1266 596 alit
1286 558 1372 596 illas
1383 559 1422 605 ;’'
1448 557 1675 610 (maintains

149 635 287 687 them,)
307 642 332 658 “
345 636 450 674 solus
467 649 624 674 omnem
642 635 830 673 familiam
845 636 1071 672 sustentat.”
1098 634 1258 672 Phorm.
1271 634 1328 672 11.
1346 647 1395 672 11.
1410 640 1473 674 20.
1501 640 1527 657 “
1539 634 1671 679 Dioes,

152 709 298 749 ducent
323 710 552 748 damnatum
580 707 912 747 domum—Alere
942 708 1085 746 nolunt
1107 707 1308 747 hominem
1337 708 1534 748 edacem.”
1559 738 1561 740 .
1591 708 1674 758 (To

152 783 283 835 keep.)
338 784 437 822 Hec.
458 783 532 821 lv.
556 795 612 821 ιν.
635 787 697 821 48.
751 781 919 829 “Quem
945 781 1030 833 ipse
1056 781 1235 833 neglexit
1260 789 1385 833 pater,
1412 796 1489 834 ego
1514 783 1614 821 alam
1627 782 1674 819 θ’·

223 923 289 930 -
351 890 581 952 Educat]
640 895 828 936 Fostm.
892 899 1004 938 1nfra
1030 904 1118 939 804.
1171 899 1279 938 vide
1305 899 1348 937 in
1374 913 1459 938 voe„
1486 898 1655 951 praeoed.

223 1017 286 1050 23-
350 1005 595 1067 Remeat]
651 1014 857 1055 Recruits
870 1030 885 1060 ,·
915 1013 1138 1068 refreskee.
1193 1017 1317 1065 Quasi
1341 1018 1465 1057 macie
1486 1025 1527 1056 et
1543 1017 1676 1056 inedia

151 1093 349 1132 confectos
375 1094 523 1141 reficit;
552 1095 658 1146 quod
686 1095 909 1134 medicorum
934 1096 1094 1147 proprie
1121 1103 1181 1134 est
1207 1096 1390 1135 officium.

223 1227 289 1234 -
351 1197 643 1247 Medicinam
667 1198 816 1261 facit.]
879 1208 959 1246 Pro
975 1209 1153 1247 medetur.
1184 1208 1336 1266 Phaefir.
1355 1208 1452 1246 Fab.
1467 1207 1501 1245 Ι.
1521 1219 1619 1245 vm.
1638 1213 1674 1253 9.

154 1288 179 1305 “
194 1284 458 1324 Periculosam
462 1285 565 1337 fecit
583 1286 803 1325 medicinam
820 1287 952 1339 lupo.''
991 1288 1044 1326 Et
1061 1300 1149 1326 x1v.
1167 1294 1202 1327 2.
1249 1294 1275 1310 “
1288 1286 1521 1325 Medicinam
1538 1287 1677 1338 ignoto

139 1358 282 1409 facere
300 1361 485 1412 coepisset
501 1361 622 1400 loco-'¹
675 1362 823 1413 Amph.
851 1362 952 1400 Prol.
971 1367 1033 1408 90.
1090 1367 1115 1384 “
1128 1362 1274 1400 Facere
1290 1361 1549 1400 histroniam.”
1596 1361 1677 1400 Ubi

153 1435 282 1472 simill.
311 1437 491 1487 congerit
516 1437 660 1475 ΙιΑΜΒε
690 1437 867 1475 ”Facere
884 1438 1145 1488 argentariam
1156 1452 1169 1484 3
1196 1437 1402 1489 piraticam
1413 1452 1426 1483 ‚·
1455 1443 1677 1488 unguenta-

153 1509 251 1547 riam
260 1524 273 1555 ‚·
303 1517 605 1549 mercaturam.“
624 1513 695 1550 ὅτε.
750 1511 861 1550 Idem
881 1512 975 1550 citat
993 1512 1089 1550 Cist.
1109 1518 1171 1556 74.
1226 1517 1251 1534 “
1267 1511 1376 1550 Huic
1393 1512 1532 1549 morbo
1535 1509 1678 1562 facere

154 1583 411 1622 medicinam.”
464 1585 580 1624 Cure.
606 1586 690 1625 163.
745 1588 897 1625 “Anus
914 1586 1085 1625 tremula
1101 1586 1320 1625 medicinam
1323 1585 1471 1637 sacit.”

226 1706 290 1739 25.
354 1694 620 1757 Exstruit]
685 1701 802 1743 Ρειεε
821 1715 896 1756 up.
961 1706 1081 1745 Ovid.
1107 1706 1207 1745 Met.
1236 1706 1311 1745 xl.
1342 1712 1427 1746 120.
1480 1707 1678 1746 “Meum

154 1787 367 1821 exstructas
394 1784 600 1835 dapibus-'⁹
655 1784 737 1824 Cic.
774 1785 892 1824 Tusc.
917 1784 969 1823 V.
998 1785 1060 1825 62.
1116 1786 1307 1825 “Mensae
1335 1786 1678 1838 conquisitissimis

155 1857 254 1896 cibis
280 1857 605 1897 exstruebantur?
656 1858 720 1897 De
747 1858 837 1897 Sen.
859 1865 928 1898 44.
976 1863 1002 1880 “
1015 1859 1173 1911 Epulis,
1199 1860 1476 1913 exstructisque
1500 1861 1679 1900 mensis.”

226 1961 291 2000 26-
356 1956 565 2005 Struices
606 1954 906 2021 patinarias]
991 1961 1147 2016 Heaps
1188 1963 1241 2018 os
1274 1962 1429 2004 dianes.
1514 1968 1677 2007 Festus:

156 2045 177 2058 ’'
191 2043 363 2081 Struit-es
391 2042 544 2094 antiqui
573 2043 758 2083 dicebant
787 2044 964 2082 omnium
987 2058 1121 2083 rerum
1143 2045 1472 2085 exstructiones.“
1523 2048 1677 2094 Livius,

157 2125 182 2141 “
197 2118 276 2157 Per
291 2118 452 2157 struices
470 2131 604 2157 saxeas
617 2118 731 2170 lapsu
748 2119 927 2158 accidit-'²
954 2119 1057 2158 Vide
1075 2119 1169 2158 Aul.
1187 2124 1276 2166 499.
1299 2121 1428 2160 Gloss.
1466 2122 1677 2170 Caeterum,

156 2192 242 2232 haec
259 2206 348 2238 vox,
366 2193 407 2231 ni
426 2193 553 2238 fallor,
580 2193 711 2233 media
728 2194 815 2245 syll.
834 2193 1040 2246 producta,
1059 2196 1359 2248 pronuntianda
1370 2204 1452 2236 est:
1482 2198 1523 2236 Si
1541 2199 1681 2249 regula

156 2268 219 2314 sit,
246 2267 377 2306 Voces
402 2274 510 2306 recto
532 2281 625 2307 casu
648 2268 691 2306 in
714 2268 754 2307 ix
772 2268 1008 2317 desinentes,
1030 2270 1253 2321 genitivum
1271 2284 1343 2322 per
1367 2270 1450 2316 icis,
1473 2271 1507 2321 (i
1526 2272 1678 2324 longa‚)

155 2343 331 2389 efficere‚·
358 2342 477 2380 modo
487 2341 674 2394 feminini
696 2343 852 2394 generis
878 2344 969 2390 sint,
996 2350 1037 2383 et
1062 2358 1086 2383 a
1111 2344 1233 2384 verbis
1258 2345 1499 2385 deriventur.

229 2478 297 2487 —
355 2444 664 2508 Concinnah]
735 2451 836 2493 Setc
857 2456 935 2494 out
950 2469 965 2500 ,·
996 2467 1221 2508 arv-anges.
1286 2457 1449 2496 Festus:
1479 2460 1502 2473 ’⁹
1518 2458 1677 2498 Concin-

160 2547 264 2579 nare,
293 2541 385 2586 apte
415 2539 690 2586 componere.“
743 2534 854 2572 Asin.
879 2540 968 2574 200.
1022 2540 1049 2558 “
1063 2537 1223 2589 Auceps
1252 2537 1412 2589 quando
1442 2537 1680 2578 concinnavit

158 2611 320 2649 aream.n
365 2608 454 2658 (has
484 2610 709 2662 prepared.)
762 2609 921 2649 Nonius
931 2626 946 2657 ,-
991 2613 1012 2626 ”
1027 2611 1171 2651 cimus
1204 2620 1263 2652 est
1298 2613 1518 2652 commistio
1552 2614 1678 2666 pluri-

158 2697 312 2722 morum
324 2699 337 2730 ς
373 2683 479 2724 unde
513 2692 554 2724 et
583 2683 854 2724 concinnare.“
906 2686 1031 2738 Apud
1069 2687 1257 2725 Nostrum
1293 2695 1354 2726 est
1383 2688 1479 2734 fere,
1515 2689 1678 2736 efficere,

159 2758 346 2797 reddere:
374 2758 522 2810 Amph.
541 2764 629 2803 375.
682 2759 1023 2799 “Lacrumantem
1047 2774 1096 2800 ex
1121 2761 1231 2800 abitu
1254 2761 1462 2801 concinnas
1479 2766 1684 2803 uxorem?

160 2832 247 2876 576.
302 2831 458 2870 “Nulla
484 2846 547 2871 res
571 2841 652 2871 tam
679 2833 889 2872 delirantes
915 2834 1094 2874 homines
1120 2836 1326 2874 concinnat>
1347 2838 1460 2876 cito.”

270 2908 314 2942 18
