1864 3152
653 273 720 314 IN
756 273 1207 316 AULULARIAM.
1597 276 1683 332 187

163 418 296 452 σωθῶ
321 412 529 451 observare
556 411 766 451 dicuntur:
796 413 986 452 adversus
1014 427 1081 453 eos
1108 414 1310 466 Arimaspi
1332 413 1473 467 populi
1495 422 1688 466 puguant,

163 500 419 538 gemmasque
446 486 526 526 illis
550 486 780 525 aufem&
835 487 1064 527 Herodotus
1087 488 1207 527 etiam
1231 487 1375 542 Γρῦπας
1400 487 1691 541 χρυσοφύλακας

164 567 355 599 memorat
374 559 484 612 apud
508 559 741 611 Arimaspos
766 567 930 611 gentem
952 560 1192 612 Scythicam.
1247 561 1367 600 Son..
1404 561 1513 601 Citat
1540 562 1687 601 Lm:

166 636 281 674 Plin:
322 635 412 674 Lib.
438 635 536 674 VII.
576 648 661 687 oep.
693 641 727 674 1.
801 642 827 659 “
837 636 1060 688 Arimaspis
1094 637 1251 676 assidue
1284 635 1435 676 bellum'
1467 651 1552 678 esse
1586 639 1691 678 cirea

164 710 321 749 metalla
350 722 443 749 cum
467 708 647 762 gryphis,
678 709 854 748 ferarum
885 710 1037 749 volucri
1067 723 1227 761 genere,
1265 711 1383 762 quale
1413 711 1536 764 vulgo
1568 712 1691 751 tradi-

165 794 243 832 tur,
289 791 450 825 eruente
489 773 558 824 ex*
583 785 778 824 cuniculis
819 798 974 831 aurum,
1013 785 1114 823 mira
1153 785 1405 837 cupiditate.”
1442 788 1512 826 &c.
1566 788 1691 840 Apud

164 859 329 898 Festum
348 858 437 898 Lib.
456 858 571 897 XIV.
590 864 662 904 est,
706 859 729 873 ”
745 857 878 897 Picati
898 857 1149 910 appellantur
1172 858 1347 909 quidam,
1372 872 1543 911 quorum
1568 861 1691 912 pedes

163 934 320 973 formati
345 940 438 972 sunt
466 933 510 972 in
538 933 711 986 speeiem
739 933 968 985 sphingum,
994 932 1103 984 quod
1128 946 1194 972 eas
1216 933 1331 972 Dorii
1348 934 1486 986 phicas
1512 938 1690 974 vooentl’

165 1007 215 1046 In
244 1021 364 1059 quem
403 1014 514 1046 notat
544 1008 694 1046 Anton.
728 1009 901 1059 August.
957 1009 979 1022 ”
992 1008 1116 1059 Apud
1148 1008 1421 1060 Hesychium:
1450 1013 1553 1060 φὶκα,
1581 1014 1688 1062 φὶγα,

163 1089 204 1120 et
234 1083 394 1132 σφίγγα.
449 1081 651 1121 Hesiodus
682 1082 724 1120 in
756 1081 960 1133 Theogon.
1015 1082 1087 1132 φῖκ’
1106 1082 1229 1128 ὀλοήν.
1276 1084 1516 1136 Lycophron
1543 1086 1586 1124 in
1612 1087 1690 1126 fine

165 1156 424 1195 Alexandrae:
453 1160 592 1207 φὶκειον
618 1155 743 1210 τέρας.
806 1157 928 1195 Picus
957 1170 1052 1195 vero
1078 1171 1152 1208 pro
1175 1157 1316 1210 phicas
1341 1158 1433 1204 dici,
1463 1166 1509 1198 ut
1535 1158 1689 1206 Poenos,

165 1228 214 1280 [a
248 1229 545 1283 Phoenicibus‚]
591 1237 631 1269 et
667 1229 796 1282 Alpes,
837 1237 878 1268 et
921 1229 1129 1282 Pilippum,
1166 1237 1206 1270 et
1240 1231 1458 1283 triumpum,
1507 1234 1690 1272 manifes-

164 1312 252 1343 tum
279 1310 381 1343 est.“

247 1449 315 1458 —-
388 1420 578 1470 Aureos
608 1425 835 1483 montes]
904 1429 1039 1468 ”Sunt
1068 1428 1229 1480 quidam
1264 1437 1417 1468 montes
1443 1430 1487 1468 in
1515 1430 1689 1482 Scythia,

166 1509 237 1561 qui
262 1509 513 1561 appellantur
542 1510 808 1562 Hyperborei,
837 1524 955 1562 super
980 1511 1126 1561 quibus
1148 1518 1254 1550 stant
1278 1511 1505 1563 griphones,
1524 1513 1594 1563 qui
1611 1526 1691 1552 non

165 1585 372 1636 patiuntur
410 1599 587 1637 gemmas
628 1593 740 1625 natas
774 1586 818 1624 in
855 1586 925 1625 illo
958 1587 1046 1625 loco
1079 1587 1122 1624 in
1155 1586 1234 1624 illis
1267 1587 1469 1626 montibus
1504 1588 1691 1640 surripi.“

166 1660 272 1698 Con.
302 1660 379 1698 Ms.
434 1660 542 1699 Vide
572 1661 684 1699 Nott.

254 1824 320 1831 —
394 1792 606 1854 Colunt]
674 1797 865 1838 Inhabit.
935 1802 1066 1854 Supra
1096 1802 1202 1840 Prol.
1231 1807 1266 1841 4.
1294 1802 1343 1841 G.

236 1917 326 1957 656·
391 1912 565 1974 Solus]
634 1920 864 1959 Adhibetur
894 1920 980 1960 haec
1007 1934 1096 1967 vox,
1134 1920 1236 1959 sicut
1274 1927 1315 1959 et
1341 1920 1555 1971 aliquando
1579 1934 1688 1967 unus,

167 1999 238 2039 ubi
282 1999 423 2038 miram
459 2007 501 2039 et
538 2000 779 2051 singularem
808 2000 1039 2039 felicitatem
1074 2000 1291 2052 exprimere
1333 1999 1526 2038 volumus.
1579 2000 1628 2038 Ε.
1645 2014 1685 2052 g.

168 2073 268 2112 Hor.
301 2074 380 2112 Sat.
398 2074 432 2112 1.
461 2087 526 2113 111.
558 2080 643 2114 125.
697 2075 788 2112 “Et
825 2081 937 2112 sutor
966 2075 1107 2120 bonus,
1139 2081 1181 2113 et
1214 2073 1316 2112 solus
1343 2073 1573 2111 formosus.’'
1608 2074 1635 2112 i.
1653 2087 1687 2112 e.

166 2161 250 2199 prae
275 2148 374 2194 aliis,
405 2148 724 2200 praestantissime
757 2149 964 2187 formosus.
1017 2148 1079 2187 Ib.
1106 2148 1188 2187 Sat.
1218 2147 1273 2186 ΙΙ.
1302 2160 1358 2185 vl.
1387 2152 1447 2191 57.
1502 2147 1689 2185 “Miran-

167 2232 232 2260 tur
259 2229 306 2260 ut
335 2236 451 2260 unum
479 2223 637 2262 Scilicet
661 2223 813 2274 egregii
839 2223 1043 2262 mortalem
1069 2223 1217 2275 altique
1245 2222 1411 2261 silenti.’'

237 2362 327 2401 658.
392 2354 677 2421 Lepidum]
768 2361 899 2415 Jolly,
944 2363 1107 2418 joysuz.
1193 2366 1302 2405 Men.
1339 2371 1401 2410 τι.
1467 2365 1557 2403 Hoc
1601 2364 1687 2404 1000

167 2444 317 2487 laetum;
354 2444 432 2482 alio
460 2457 579 2483 sensu
608 2444 738 2495 Supra
765 2449 853 2484 451.

241 2579 330 2619 662·
432 2573 670 2623 Deorsum
704 2572 863 2634 duca]
950 2583 1009 2622 Id.
1056 2597 1123 2635 qu.
1160 2582 1314 2626 deduco,
1359 2581 1400 2620 in
1440 2581 1557 2620 Curc-
1598 2578 1684 2619 365.

170 2667 194 2683 “
211 2661 368 2700 Deduco
395 2662 517 2714 pedes
542 2662 591 2701 de
619 2663 721 2701 lecto
749 2662 885 2701 clam.''

240 2780 328 2819 666·
394 2776 584 2837 Αῐίὶἃῒ]
650 2787 777 2837 Supra
806 2786 890 2829 367-
918 2786 1004 2830 619-
