1864 3152
205 240 293 283 144
759 241 1170 285 GLOSSARIUM

192 385 261 411 me.
314 371 360 411 P.
389 371 552 410 Utinam
576 369 695 409 vades
721 369 865 417 desint,
895 371 939 410 in
963 383 1163 411 carcerem
1190 378 1237 411 ut
1254 370 1342 409 sis-⁰
1395 370 1479 411 Cic.
1502 370 1618 411 Verr-
1646 371 1725 411 111.

196 451 259 488 15.
331 446 430 485 Hor.
478 445 558 484 Sat.
601 444 632 483 1.
672 457 728 484 ix.
767 444 830 485 36.
867 446 939 485 διο.
1010 444 1217 484 Translate
1258 443 1421 491 Noster,
1473 444 1592 485 Cure.
1641 446 1726 486 165.

192 528 219 547 “
235 522 314 563 Ubi
351 529 397 561 tu
435 535 490 567 es,
530 520 600 572 qui
635 533 700 559 me
738 519 988 558 convadatu's
1023 519 1192 558 veneriis
1234 518 1471 559 vadimoniis
1482 521 1526 559 ?”
1589 521 1726 571 (Have

188 599 328 640 bound
355 612 419 638 me
443 611 539 637 over
563 598 619 649 by
650 596 819 635 sureties
845 603 890 634 to
919 598 1131 648 appear-ss

261 698 351 738 275·
421 685 691 743 sexcenta]
765 693 845 732 Pro
877 693 1031 744 infinito
1064 708 1162 747 pene
1195 707 1375 733 numero.
1438 695 1494 745 (A
1532 695 1724 734 thousand

188 777 303 817 other
325 775 491 827 things.)
544 774 647 814 Vide
676 773 787 813 Men.
817 779 905 821 795.
936 774 986 813 G.
1041 774 1188 814 Pseud.
1211 773 1299 813 630.
1328 774 1490 822 “Quasi
1514 774 1613 813 mihi
1643 788 1723 813 non

188 854 364 889 sexcenta
393 855 503 888 tanta
530 848 602 886 soli
632 847 783 887 soleant
809 847 1015 887 credier?”
1081 848 1130 886 In
1167 861 1209 887 re
1246 848 1315 887 tali
1352 847 1570 899 Anglicum
1606 855 1722 893 esset,

190 925 269 976 (As
296 925 335 964 if
339 925 427 977 five
454 923 639 963 hundred
674 922 789 962 times
818 936 860 961 as
887 922 1009 962 much
1038 936 1142 961 were
1178 930 1248 961 not
1274 923 1383 962 osten
1412 922 1565 962 trusted
1592 930 1635 962 to
1659 936 1723 962 me

186 1000 344 1053 alonel)
399 1000 491 1039 Ter.
511 999 672 1038 Phorm.
693 999 767 1037 1v.
790 1011 856 1037 111.
884 997 946 1037 63.
1001 999 1245 1037 “Sexcentas
1270 998 1438 1050 proinde
1463 999 1625 1038 scribito
1638 999 1722 1050 jam

186 1075 286 1115 mihi
313 1074 456 1115 dicas?
521 1073 602 1113 Ubi
631 1073 806 1111 DoNAr:
846 1074 867 1086 ”
883 1072 1110 1124 Perspicere
1145 1071 1238 1111 hinc
1273 1071 1366 1112 lioet
1395 1072 1722 1112 consuetudinem

186 1151 396 1203 utriusque
425 1148 626 1189 sermonis.
698 1147 805 1187 Nam
840 1147 1109 1200 Apollodorus
1145 1150 1270 1200 μυρίας
1310 1147 1424 1194 dixit,
1465 1162 1539 1200 pro
1573 1148 1719 1187 multis.

186 1226 242 1266 Et
266 1234 312 1266 ut
339 1224 449 1277 apud
477 1224 639 1263 Graecos
673 1226 795 1276 μυρία,
825 1223 881 1269 ita
909 1222 1021 1274 apud
1049 1236 1122 1261 nos
1148 1229 1323 1262 sexcenta
1351 1223 1486 1263 dicere
1505 1225 1588 1275 'pro
1619 1223 1721 1262 mul-

184 1300 236 1339 tis
269 1300 459 1339 usitatum
498 1305 569 1337 est.
631 1296 714 1336 Cic.
744 1297 861 1336 Verr.
894 1297 926 1335 1.
966 1303 1028 1341 47.
1102 1302 1127 1320 “
1141 1295 1327 1336 Sea-centa
1363 1310 1526 1349 possum
1565 1297 1722 1337 decretu

185 1376 438 1429 proferre.''“
500 1373 613 1412 Infra
639 1378 730 1416 472.
789 1371 962 1411 Tra-eni.

255 1473 344 1514 279.
409 1459 744 1521 Nundinalis]
809 1467 916 1507 Vide
946 1468 1056 1507 Nott.
1111 1469 1274 1507 Coenam
1298 1475 1431 1508 autem
1450 1468 1627 1515 feralem,
1647 1481 1716 1507 seu

185 1548 455 1595 novendialem,
481 1547 714 1587 vilissimam
738 1547 875 1594 fuisse,
898 1561 945 1587 ex
970 1548 1106 1586 multis
1138 1548 1394 1600 antiquorum
1418 1548 1514 1587 locis
1542 1555 1718 1600 apparet.

184 1625 399 1665 Constabat
424 1623 662 1676 plerumque
690 1635 739 1661 ex
771 1623 869 1669 ovis,
897 1622 1085 1667 lentibus,
1121 1623 1261 1669 cicere,
1303 1623 1419 1671 fabis,
1454 1623 1585 1670 melle,
1613 1623 1717 1670 libis,

183 1704 225 1738 et
250 1696 381 1737 simill.
434 1694 548 1734 Cous.
584 1694 679 1734 Juv.
717 1694 796 1734 Sat.
821 1694 872 1734 V.
903 1700 965 1734 84.
1020 1694 1138 1734 “Sed
1172 1694 1247 1735 tibi
1281 1695 1449 1734 dimidio
1482 1696 1717 1735 constrictus

183 1785 403 1812 cammarus
438 1784 515 1809 ovo
543 1769 726 1815 Ponitur,
765 1770 912 1822 exigua
940 1769 1093 1823 feralis
1129 1783 1236 1812 coena
1273 1771 1452 1823 patellas·
1534 1771 1717 1824 (Spoken

183 1846 531 1899 contemptuously
561 1858 604 1884 as
634 1845 867 1898 comparing
896 1844 966 1884 the
1007 1852 1245 1897 sumptuous
1276 1847 1360 1885 fare
1388 1846 1437 1884 of
1465 1845 1587 1885 Virro
1617 1844 1715 1884 with

180 1923 268 1963 that
288 1923 337 1962 of
358 1922 421 1961 his
450 1920 685 1961 humiliated
708 1920 987 1973 dependants.)
1043 1920 1108 1960 Sic
1128 1921 1248 1960 etiam
1268 1920 1587 1973 interpretandus
1605 1920 1714 1959 locus

176 1998 333 2053 ,iamdiu
358 1997 581 2050 exagitatus
608 1996 717 2049 apud
744 1996 839 2036 Tae.
873 1997 978 2035 Ann.
1007 1995 1081 2035 VI.
1113 2002 1148 2036 5.
1205 1996 1358 2035 “Cotta
1388 1995 1624 2035 Messalinus
1651 2009 1714 2035 sr-

181 2073 333 2127 guitur,
369 2085 463 2113 cum
498 2071 564 2111 die
593 2071 714 2111 intuli
743 2071 941 2123 Augustae
969 2071 1073 2111 inter
1108 2070 1329 2111 sacerdotes
1368 2071 1611 2123 epularetur,
1648 2085 1713 2110 no-

181 2146 389 2188 vendialen
422 2159 511 2186 eam
545 2159 686 2185 coenam
721 2144 904 2185 dixisse?
948 2145 988 2185 h.
1007 2159 1043 2185 e.
1077 2158 1170 2185 cum
1194 2146 1279 2198 jam
1315 2154 1483 2186 mortuae
1515 2125 1712 2198 Augusti

182 2223 269 2263 dies
313 2220 454 2261 natalis
494 2218 713 2260 etiamdum
760 2220 1040 2267 celebraretur,
1071 2233 1164 2260 eum
1207 2234 1280 2273 per
1319 2229 1592 2273 contemptum
1637 2221 1713 2260 hoe

180 2301 329 2340 festum
359 2311 502 2338 coenam
537 2296 793 2337 novendialem
831 2297 1104 2351 appellavisse.
1180 2298 1222 2338 Si
1249 2298 1374 2350 igitur
1402 2310 1515 2338 coens
1543 2297 1630 2349 ipss
1655 2297 1711 2335 its

180 2384 251 2424 vili
290 2383 572 2428 estimabatur,
608 2380 798 2420 nimirum
834 2381 1025 2420 vilissimo
1055 2381 1185 2434 pretio
1224 2389 1356 2421 essent
1383 2381 1515 2434 coqui,
1553 2380 1624 2432 qui
1659 2380 1709 2419 sd

178 2472 267 2500 enm
293 2457 511 2512 parandam
534 2455 720 2497 conducti
751 2455 866 2495 irent.
930 2456 1054 2496 Plurs
1083 2456 1135 2496 de
1160 2456 1368 2496 Silicernio
1395 2455 1532 2496 videre
1558 2463 1619 2495 est
1646 2455 1708 2494 vel

179 2534 289 2589 apud
313 2533 499 2574 Servium
517 2531 568 2571 sd
587 2531 698 2584 Virg.
719 2530 810 2570 AEn.
828 2530 879 2570 V.
897 2530 960 2571 64.
1015 2536 1042 2555 “
1057 2531 1261 2577 Praei-es,
1285 2530 1318 2570 si
1340 2543 1441 2570 nona
1469 2529 1578 2570 diem
1604 2542 1708 2568 mor-

178 2609 324 2650 tslibus
351 2608 501 2648 almum
532 2608 690 2646 Aurora
716 2605 905 2646 extulerit
916 2607 955 2653 ς’·
990 2605 1053 2646 vel
1080 2607 1328 2646 Commentt:
1370 2605 1412 2645 in
1442 2605 1542 2645 Hor.
1573 2605 1706 2658 Epod.

181 2683 320 2725 xvn.
356 2687 418 2723 48.
483 2682 611 2722 “Nec
649 2682 691 2721 in
728 2681 921 2735 sepulcris
955 2694 1177 2734 pauperum
1209 2681 1386 2739 prudens
1424 2695 1522 2721 anus
1557 2681 1705 2721 Noven-

178 2756 301 2797 diates
327 2757 519 2810 dissipare
551 2756 774 2809 pulveres.''
