1864 3152
698 267 1135 309 MENAECHMEL
1650 265 1711 320 67

255 395 327 443 Et
344 395 460 459 quid
478 397 643 452 tristis,
663 405 714 445 et
732 398 848 461 quid
866 396 944 446 hic
959 397 1080 445 mihi
1101 397 1294 452 dixerit,
1316 397 1425 445 faxo
1442 398 1573 445 scias.
1630 402 1707 442 546

256 478 395 527 Palla
412 478 531 527 mihi
550 488 623 528 est
639 479 780 528 domo
797 488 1025 544 surrepta·

932 563 1044 611 ME.
1069 563 1210 611 Palla
1227 570 1442 627 surrepta
1460 570 1533 611 est
1550 561 1706 610 mihi?

123 645 211 691 PE.
252 645 442 701 Viden’,
492 647 566 694 uti
622 647 846 695 scelestus
896 649 1088 711 captat?
1153 646 1290 695 Huic
1347 653 1563 711 surrepta
1617 653 1705 702 est,

448 727 542 778 nen
590 731 699 778 tibi:

182 867 205 883 v.
223 861 276 888 ⁵47.
312 860 378 889 Re,
399 861 795 891 humectant—tumui,
814 862 879 891 ne,
899 862 1252 893 Paaambrepeaoetffi?
1285 859 1357 887 Vide
1372 861 1491 887 inNou.
1524 861 1705 894 ''Iaegmdnm

117 901 315 931 videnum,
334 902 487 927 verb-seil-
504 902 746 935 mulierisrepetit,
763 906 927 928 utexvus.
944 910 1018 935 sequ.
1035 902 1151 934 121oest
1178 903 1398 929 mun—¹548.
1417 904 1484 934 B.l,
1503 903 1571 934 ne,
1593 903 1707 929 Vident

112 943 239 968 εαιαιυ
252 943 455 974 capiat-Bm,
472 942 830 975 mdooembreptasioee.
866 945 896 969 Β.
910 946 933 974 ι,
948 946 1092 976 sumpta-

169 1042 257 1081 546.
331 1041 435 1085 Quid
468 1041 631 1095 tristia]
701 1043 877 1081 subaud„

115 1107 197 1145 sim.
257 1106 390 1155 ‘Why
420 1107 440 1145 Ι
470 1120 534 1144 am
562 1120 605 1145 so
632 1106 879 1158 displeased.'

118 1170 248 1221 Supra
266 1175 354 1209 524.

171 1250 258 1288 547.
314 1245 427 1283 Palla
447 1250 625 1297 surrepta
646 1250 700 1283 est
724 1244 818 1283 mihi
830 1245 878 1297 2]

119 1310 234 1353 Nota,
247 1308 340 1346 milui
357 1309 444 1347 vult
460 1309 586 1361 accipi
607 1309 878 1348 Menaechmus

115 1385 201 1423 pro,
232 1386 256 1410 a
284 1386 352 1417 me,
381 1374 422 1424 (a
451 1373 570 1411 domo
601 1374 716 1423 mea.)
769 1373 878 1411 Nam

116 1449 208 1474 cum
223 1436 296 1473 viri
312 1443 354 1474 et
371 1436 505 1474 uxoris
523 1436 656 1474 omnia
674 1436 753 1474 sint
770 1449 876 1474 com-

115 1498 263 1544 munia,
290 1513 379 1550 quae
403 1498 452 1537 ab
474 1499 545 1537 hac
567 1506 748 1550 surrepta
772 1506 877 1543 sunt,

116 1563 166 1600 ad
189 1562 296 1600 illum
321 1576 435 1614 aeque
456 1563 668 1614 pertinent.
721 1563 879 1610 Quaerit

114 1626 239 1676 igitur
254 1626 463 1677 captiosus,
475 1640 572 1664 num
585 1627 636 1664 ab
655 1640 696 1664 se
710 1626 761 1664 sit
773 1626 878 1678 palla

115 1697 308 1741 surrepta,
338 1703 429 1728 cum
456 1690 607 1728 interea
632 1689 771 1740 pulcre
798 1689 875 1728 cal-

115 1752 193 1790 leat
222 1765 263 1790 se
294 1752 400 1790 illam
431 1753 559 1804 ipsam
591 1752 730 1791 Erotio
761 1752 874 1791 detu-

113 1816 216 1854 lisse.
272 1815 355 1854 Sed
372 1815 511 1854 eadem
525 1816 658 1861 verba,
674 1816 706 1854 si
724 1816 877 1867 absque

113 1880 423 1932 interrogatione
474 1880 670 1931 legantur,
729 1880 874 1925 valent,

116 1944 226 1983 Palla
257 1951 438 1995 surrepta
469 1952 529 1982 est
556 1943 597 1981 in
624 1957 721 1982 meos
752 1957 845 1982 usus
854 1958 873 1987 ;

114 2022 258 2060 nempe
270 2016 315 2047 ut
325 2008 376 2046 ad
388 2009 582 2053 Erotium,
591 2021 699 2046 meos
709 2021 874 2052 amores,

114 2072 356 2111 deferretur:
392 2079 434 2110 et
462 2072 518 2110 sic
550 2071 620 2121 (ne
647 2071 874 2115 mentiatur,

112 2142 183 2173 aut
199 2135 487 2186 spectatoribus
505 2134 636 2186 palam
654 2134 874 2172 dissimula-

112 2207 175 2238 tor
211 2200 432 2250 appareat,)
473 2198 586 2236 tacite
620 2212 756 2237 secum
790 2199 877 2250 ipse

112 2263 311 2314 intelligit.
393 2263 529 2314 Hujus
573 2263 877 2302 constructionis

113 2326 297 2377 exempla
325 2333 430 2371 sunt,
463 2326 573 2364 Pers.
606 2325 686 2363 Sat.
713 2325 785 2363 VI.
813 2325 878 2365 64.

115 2395 141 2411 “
156 2389 290 2427 Minui
322 2389 451 2427 mihi?
504 2390 542 2440 (1
570 2389 672 2427 have
699 2396 816 2441 spent
842 2389 875 2428 it

99 2450 178 2502 sor
198 2466 259 2504 my
282 2465 366 2490 own
389 2452 616 2503 occasions.)
672 2453 766 2491 Aul.
786 2458 875 2499 589.

116 2514 158 2554 S.
195 2521 222 2538 “
238 2516 307 2554 Nil
352 2516 539 2568 equidem
583 2515 653 2554 eibi
697 2516 874 2554 abstuli?

116 2578 246 2629 (from
275 2582 385 2632 you.)
440 2581 487 2619 E.
517 2582 613 2620 “At
646 2581 760 2627 illud,
804 2579 874 2618 tibi

115 2642 225 2692 quod
250 2644 480 2690 abstuleras,
508 2644 640 2683 cedo.'’
662 2643 756 2695 (for
774 2657 876 2696 your

115 2718 199 2743 own
211 2709 428 2759 pur-potes.)
474 2708 578 2747 Vide
595 2708 637 2746 in
657 2722 757 2747 vers.
776 2721 835 2759 sq.

171 2784 257 2818 548.
330 2781 396 2819 Uti
451 2782 631 2821 scelestus
683 2788 814 2835 captat
826 2783 875 2835 ἓ]

119 2843 211 2882 ‘See
234 2843 325 2882 how
347 2844 415 2884 the
438 2859 563 2898 rogue
585 2847 874 2898 equivocates!’

946 1043 1049 1090 Quae
1075 1044 1348 1083 Menaechmus
1369 1044 1599 1083 dubitanter
1617 1044 1707 1095 qui-

945 1107 1049 1153 dem,
1063 1107 1132 1146 sed
1144 1121 1237 1146 cum
1246 1108 1420 1159 quodam
1434 1107 1706 1159 interrogandi

947 1171 1074 1216 vultu,
1103 1171 1270 1217 dixerat,
1299 1186 1345 1210 ea
1370 1172 1423 1210 ad
1450 1173 1618 1210 verbum
1641 1185 1706 1209 ac-

946 1235 1044 1286 cipit
1064 1235 1293 1281 Peniculus,
1322 1250 1415 1275 cum
1433 1236 1531 1287 ipse,
1552 1235 1618 1286 (ut
1636 1236 1709 1287 qui

945 1299 1126 1338 conscius
1152 1300 1308 1351 fuerit,)
1336 1300 1491 1338 dolosas
1515 1300 1590 1337 viri
1613 1313 1706 1351 cap—

943 1363 1071 1401 tiones
1115 1362 1316 1402 odoretur.
1367 1363 1560 1403 Similiter
1602 1364 1709 1402 ludit

945 1427 1105 1472 Noster,
1135 1426 1231 1465 Cist.
1259 1427 1349 1467 236.

982 1500 1025 1531 A.
1047 1502 1070 1517 ‘⁴
1083 1501 1159 1531 Non
1179 1501 1347 1533 remissura
1365 1511 1398 1533 es
1418 1501 1494 1532 mihi
1512 1501 1623 1533 illam!

982 1551 1034 1582 M.
1082 1552 1144 1582 Pro
1164 1562 1214 1583 me
1230 1562 1381 1591 responsa
1399 1552 1493 1584 tibi.'’

945 1624 1000 1662 H.
1010 1639 1043 1663 e.
1063 1624 1237 1677 (abjecta
1247 1626 1571 1678 interrogationis
1581 1627 1709 1677 nota,)

945 1687 1034 1726 Non
1071 1688 1280 1728 remismara
1316 1703 1411 1727 sum.
1467 1691 1568 1729 Item
1605 1691 1710 1729 Cur-

943 1752 1020 1791 cul.
1047 1758 1109 1791 41.

962 1825 1028 1857 Pa.
1056 1827 1078 1842 “
1091 1826 1292 1865 obloquere!

1019 1875 1084 1906 Pa.
1112 1876 1215 1907 Etiam
1235 1878 1342 1908 taces?

961 1925 1000 1956 P.
1021 1926 1147 1964 Nempe
1165 1926 1293 1965 obloqui
1312 1937 1363 1959 me
1379 1927 1559 1966 jusseras.”

943 1987 1057 2038 (Non
1075 1994 1210 2026 autem
1229 1988 1405 2040 jusserat
1414 2005 1427 2035 ;
1456 1990 1525 2028 sed
1543 2005 1626 2029 cum
1644 1991 1709 2029 in-

942 2051 1198 2103 terrogatione
1220 2052 1361 2097 vetuit;
1391 2059 1402 2076 ‘
1414 2054 1513 2092 Will
1538 2069 1620 2106 you
1642 2056 1706 2094 in-

942 2122 1102 2167 terrupt
1118 2129 1183 2155 me
1194 2115 1244 2168 ?’)
1276 2117 1451 2156 Rudens.
1471 2125 1561 2159 255.

962 2190 1002 2221 T.
1022 2189 1133 2221 “Non
1152 2190 1257 2222 veuit!
1299 2192 1342 2223 A.
1362 2193 1448 2224 Vera
1466 2193 1659 2232 praedicas.‘'

942 2252 1131 2303 (Nempe,
1150 2266 1242 2291 eum
1262 2267 1335 2292 non
1354 2254 1531 2306 venisse.)
1578 2257 1705 2294 Caete-

942 2328 1046 2360 rum,
1076 2316 1186 2367 quod
1213 2316 1266 2354 ad
1292 2318 1540 2364 sententiam,
1569 2319 1710 2357 confer

942 2378 1129 2418 SHAKSP.
1158 2379 1333 2426 Hamlet,
1362 2383 1453 2420 Act.
1472 2382 1523 2420 V.
1553 2383 1614 2421 Sc.
1634 2396 1660 2420 1.

979 2455 1000 2468 ‘⁴
1015 2453 1097 2484 How
1118 2454 1260 2486 absolute
1280 2455 1333 2487 the
1356 2455 1457 2486 knave
1481 2455 1524 2486 is!
1556 2466 1603 2487 we
1623 2463 1709 2489 must

939 2504 1035 2542 speak
1060 2504 1103 2542 by
1129 2505 1182 2536 the
1213 2506 1299 2543 card,
1330 2516 1368 2536 or
1395 2505 1614 2544 equivocation
1641 2507 1706 2539 will

940 2554 1027 2585 undo
1046 2554 1121 2586 u8.''

942 2616 1058 2654 Nost.
1078 2616 1182 2655 Rud.
1202 2622 1291 2662 995.

1000 2692 1022 2705 ‘⁴
1038 2689 1168 2726 Viden’,
1188 2694 1223 2719 ut
1241 2689 1391 2720 scelestus
1411 2697 1589 2730 aucupatur
1600 2693 1638 2722 ⁷.''

1371 1827 1412 1859 P.
1454 1827 1523 1858 Fiat
1546 1838 1711 1860 maxume..

994 2807 1046 2816 —
1103 2784 1245 2836 Huic]
1313 2785 1451 2823 Uxori.
1505 2786 1572 2825 ‘It
1623 2801 1704 2826 was

944 2848 1069 2887 stolen
1097 2848 1199 2885 from
1227 2848 1307 2892 her,
1335 2856 1406 2887 not
1431 2850 1535 2888 from
1558 2853 1661 2902 you?
1703 2886 1707 2890 .
