1864 3152
612 265 678 307 IN
716 266 1168 309 AULULARIAM.
1569 265 1656 320 173

213 403 303 445 519-
369 391 574 454 Macen]
639 402 769 441 Macie
787 405 991 443 confectus
1008 410 1077 443 est.
1132 405 1169 442 A
1191 416 1326 449 maoeo,
1349 403 1459 455 quod
1481 418 1506 442 a
1524 418 1660 444 macer.

144 476 205 516 Ita
230 477 338 517 Non.
365 479 410 518 C.
428 478 480 518 X.
499 484 562 525 39.
588 478 725 532 (quem
743 480 839 519 citat
857 481 899 519 in
919 494 1044 532 marg.
1065 480 1164 519 eod.
1192 480 1247 519 Η.
1265 479 1320 530 6.)
1372 479 1547 526 ”Macet,
1574 494 1661 533 pro,

140 551 372 590 macilentus
398 559 467 591 est.
519 551 686 591 Plautus
714 552 849 591 Aulul.
906 552 1029 600 “Qui
1052 565 1141 590 ossa
1166 564 1213 590 ac
1238 551 1353 603 pellis
1378 558 1487 591 totus
1507 558 1580 598 est,
1606 551 1662 591 ita

140 636 237 663 cura
269 626 453 664 macet.”“
505 625 596 664 Vox
629 638 826 677 nusquam
863 625 971 671 alibi,
1014 625 1122 676 quod
1162 624 1329 677 reperio,
1369 625 1551 664 occurrit.
1607 625 1662 664 Et

139 706 273 737 nostro
298 699 384 738 loco
408 699 557 742 habent
581 698 690 738 Vett.
717 698 824 737 Edd.
851 712 990 744 macer,
1019 698 1089 737 sed
1115 699 1199 738 sine
1224 712 1351 738 eausa.

210 832 299 865 521.
362 816 619 879 Pellucen]
684 825 732 865 Is
764 827 1063 876 tran-spama-
1125 827 1359 867 Transluoet
1368 843 1382 874 ;
1419 828 1659 880 διαφαίνεται.

142 909 239 947 Hor.
266 908 398 947 0111.
426 919 554 946 xvux.
586 906 644 946 16.
698 904 967 944 “Peuucidior
994 905 1131 944 vitro.'’

209 1029 299 1063 522.
363 1017 702 1079 Caedundum]
764 1025 894 1063 mass„
931 1024 1056 1063 eod&
1084 1024 1140 1063 Η.
1168 1030 1205 1063 2.
1234 1024 1271 1064 6.
1337 1026 1358 1038 ”
1372 1023 1541 1070 caeaere,
1587 1026 1660 1064 im.

136 1108 294 1146 molare.
350 1107 454 1145 Non.
478 1106 541 1145 all.
572 1106 613 1146 h.
630 1113 658 1145 t.
686 1107 808 1158 [Cap.
829 1105 904 1144 IV.
929 1106 1047 1158 97.]“
1073 1112 1113 1144 et
1142 1105 1257 1157 Virg.
1287 1105 1375 1143 AEn.
1408 1105 1480 1145 IV.
1536 1107 1659 1146 “Coe-

135 1183 229 1220 dunt
256 1183 397 1233 quinas
422 1181 473 1220 de
501 1195 609 1220 more
634 1181 850 1220 bidentes.”

218 1335 285 1342 —
359 1299 619 1362 Conduxi]
684 1307 715 1347 I
732 1306 840 1347 have
858 1306 1085 1360 procured.
1141 1310 1162 1322 ''
1178 1308 1407 1357 Candacen,
1425 1323 1499 1363 pro
1515 1323 1657 1350 emere.

139 1389 241 1426 Non.
260 1387 329 1439 [C.
350 1387 420 1426 1v.
443 1387 552 1439 104]
578 1387 642 1426 all.
663 1387 702 1425 h.
721 1392 780 1425 t.“
805 1387 933 1426 Gloss
947 1387 1071 1426 Codd.
1101 1387 1155 1425 H.
1175 1394 1211 1427 2.
1230 1388 1267 1427 6.
1307 1389 1547 1428 Accurafius
1565 1403 1660 1429 vero

136 1465 261 1503 Gnon
277 1478 286 1500 :
313 1466 335 1478 ’¹
347 1464 450 1502 Cum
468 1462 600 1501 Nonio
616 1463 926 1515 interpretantur
946 1462 1027 1500 emi.
1083 1461 1249 1514 Proprie
1273 1463 1450 1515 loquitur
1470 1464 1633 1503 Plautus
1643 1480 1657 1511 ;

134 1538 277 1576 locator
304 1537 423 1582 enim,
463 1537 533 1588 qui
567 1535 636 1574 dat
670 1534 879 1580 utendum,
909 1535 1136 1583 fruendum,
1167 1536 1415 1575 faciendum:
1444 1538 1657 1584 conductor,

134 1613 204 1664 qui
238 1611 392 1663 accipit.
447 1611 608 1649 Dabant
641 1617 773 1649 autem
802 1623 925 1661 agnos
956 1609 1169 1648 caedundos
1196 1610 1304 1656 lanii,
1336 1611 1443 1650 unde
1470 1619 1511 1651 et
1533 1612 1659 1651 locare

134 1687 332 1726 dicuntur.
386 1686 499 1736 Capt-
518 1689 606 1729 743.
633 1698 690 1736 sq.
746 1684 891 1722 “Tum
919 1683 1014 1721 lanii
1040 1692 1228 1730 autem‚..
1244 1714 1271 1723 ..
1313 1685 1395 1734 Qui
1431 1685 1555 1725 locam
1583 1700 1656 1725 coe-

132 1761 277 1800 dandos
302 1761 458 1812 agnos.”
512 1758 775 1810 Accipiebant
800 1758 1072 1796 obsonatores:
1102 1771 1199 1809 ergo
1225 1757 1518 1796 mnducebant.“

213 1912 280 1919 —
355 1879 435 1928 Tu
466 1876 633 1938 idem]
695 1887 800 1926 citat
837 1886 980 1932 Hau,
1017 1886 1166 1938 Amph.
1196 1887 1246 1925 V.
1279 1900 1306 1924 1.
1339 1892 1400 1926 33.
1436 1886 1550 1938 [933.
1581 1888 1656 1941 Β.]

132 1970 226 2008 “At
251 1983 327 2020 ego
354 1968 507 2015 faciam,
538 1973 578 2005 tu
606 1967 700 2005 idem
729 1974 775 2005 ut
800 1967 913 2006 aliter
939 1967 1166 2019 praedices.''

204 2099 291 2133 523.
355 2083 548 2146 Loces]
612 2090 692 2131 Let
725 2092 762 2131 it
791 2094 879 2131 out.
944 2095 1044 2133 Cum
1082 2096 1323 2147 Megadorus
1359 2110 1455 2136 voce
1490 2097 1654 2136 conduxi

131 2189 225 2214 usus
250 2182 365 2220 esset,
390 2174 486 2214 huic
509 2174 670 2226 proprie
698 2174 911 2225 respondet
939 2175 1104 2213 verbum
1137 2174 1275 2222 loeare,
1313 2182 1359 2214 ut
1386 2183 1491 2215 recte
1521 2184 1656 2215 monet

129 2251 326 2289 Gnonov:
356 2249 461 2287 citat.
490 2249 532 2286 in
552 2262 588 2286 v.
610 2248 776 2299 praeced.
830 2249 1026 2287 caeterum
1053 2249 1168 2301 plura
1197 2249 1288 2288 vide
1312 2250 1352 2287 in
1378 2250 1490 2288 Nott.
1545 2250 1654 2290 Hinc

130 2324 283 2376 phrasis
310 2323 377 2361 illa
399 2321 590 2373 “Operas
601 2335 690 2360 suas
716 2321 877 2367 locare,”
905 2335 991 2374 pro,
1012 2323 1130 2362 alicui
1152 2323 1332 2362 mercede
1356 2324 1515 2362 servire.
1571 2325 1651 2363 Tit.

128 2396 287 2435 Petron.
315 2396 393 2433 Sat.
413 2408 446 2433 c.
469 2400 553 2438 117.
609 2400 635 2416 “
651 2394 836 2433 Hominis
864 2408 1003 2446 operas
1031 2394 1167 2441 locavi,
1195 2408 1273 2432 non
1299 2394 1474 2433 caballi.'’
1528 2395 1569 2444 (1
1592 2395 1652 2433 of·

130 2471 238 2510 fered
256 2470 406 2522 myself
418 2478 459 2508 to
476 2469 528 2508 do
546 2469 612 2508 the
632 2469 742 2507 work
762 2469 810 2507 of
820 2484 843 2507 a
860 2483 963 2516 man,
983 2477 1054 2508 not
1071 2485 1094 2508 a
1112 2470 1257 2520 horse.)
1313 2469 1393 2508 Cic.
1414 2469 1523 2507 Fam.
1543 2469 1576 2506 1.
1598 2481 1652 2507 ιι.

130 2551 155 2567 “
171 2545 264 2583 Νοῐι
282 2545 387 2583 enim
406 2544 482 2582 illae
501 2544 697 2582 manubiae
717 2557 827 2589 meae,
854 2544 923 2583 sed
941 2545 1071 2596 operis
1090 2543 1225 2582 locatio
1243 2557 1330 2581 mea
1347 2542 1460 2580 fuit.’'

208 2706 279 2714 --
353 2673 714 2735 Efferundum]
767 2678 831 2719 To
854 2679 899 2719 be
922 2679 1085 2720 buried.
1137 2682 1263 2720 Gloss.
1286 2682 1381 2720 Cod.
1404 2681 1455 2719 H.
1476 2687 1512 2720 2.
1541 2681 1650 2731 ''Es-

117 2760 242 2810 set-rc,
266 2759 315 2798 ad
340 2760 582 2811 sepulturam
603 2760 742 2798 ferre.“
796 2760 897 2799 Vide
920 2761 961 2798 in
986 2762 1093 2798 Nott.
1149 2760 1279 2812 Supra
1300 2774 1333 2797 v.
1359 2766 1440 2799 113.
1495 2758 1649 2798 Notum
