1864 3152
700 256 1136 301 MENAECHMEI.

623 471 766 514 ACT.
801 471 854 512 V.

1631 252 1717 292 103

920 470 1127 513 SCENA
1162 469 1211 511 V.

370 602 536 636 SENEX.
582 601 909 634 MENAECHMUS.
957 599 1172 632 LORARII.
1219 598 1470 632 MESSENIO.

128 701 212 749 SE.
254 699 351 748 Per
384 714 482 762 ego⁴
502 697 632 744 vobis
659 696 770 743 deos
802 703 945 758 atque
976 693 1191 741 homines
1222 692 1342 748 dicu,
1375 701 1431 741 ut
1463 692 1714 756 imperium

456 796 615 827 meum

260 865 508 929 Sapienter
534 862 749 910 habeatis
778 878 914 916 curae,
950 877 1052 924 quae
1083 859 1313 923 imperavi
1340 867 1484 922 atque
1508 860 1688 923 impero
1709 875 1719 906 :

262 950 426 997 Facite
453 947 554 995 illic
583 945 723 994 homo
750 948 852 1009 jam
882 946 933 992 in
968 943 1253 992 medicinam
1285 942 1471 991 ablatus
1506 942 1722 991 sublimis

461 1033 567 1087 siet,

1645 1038 1721 1078 890

263 1115 374 1163 Nisi
397 1114 586 1179 quidem
606 1130 686 1161 vos
711 1122 865 1160 vostra
882 1128 1017 1159 crura
1040 1119 1123 1158 aut
1147 1110 1297 1158 latera
1320 1109 1462 1157 nihili
1483 1109 1718 1173 penditis!

261 1199 389 1247 Cave
429 1199 694 1263 quisquam,
733 1196 857 1261 quod
894 1196 995 1243 illic
1034 1196 1300 1250 minitetur,
1339 1202 1550 1243 vostrum
1590 1195 1721 1243 flocci

460 1281 624 1329 fecerit
642 1282 650 1326 !

264 1365 398 1422 Quid
430 1366 602 1413 statis?
640 1363 756 1427 quid
787 1363 1055 1411 dubitatis?
1104 1361 1138 1409 J
1141 1380 1215 1410 am
1246 1362 1495 1411 sublimem
1530 1371 1719 1426 raptum

461 1450 671 1513 oportuit
687 1451 695 1495 !

262 1533 370 1598 Ego
386 1535 463 1582 ibo
481 1533 540 1581 ad
556 1533 819 1580 medicum:
842 1540 1010 1595 praesto
1025 1548 1102 1579 ero
1119 1531 1208 1585 illi,
1228 1547 1367 1594 quom
1385 1531 1601 1578 venietis.

1382 1613 1495 1661 ΜΕ.
1522 1612 1693 1661 Occidi
1710 1615 1721 1660 !

266 1700 400 1757 Quid
425 1700 511 1748 hoc
542 1709 614 1749 est
636 1701 856 1765 negotii?
897 1700 1013 1763 quid
1036 1699 1163 1747 illice
1194 1698 1411 1747 homines
1439 1698 1498 1746 ad
1521 1715 1599 1746 me
1622 1715 1726 1746 cur-

403 1781 406 1784 ’
462 1792 589 1839 runt,
620 1784 842 1831 obsecro?

1645 1791 1724 1831 895

265 1867 401 1924 Quid
436 1868 575 1916 voltis
610 1870 727 1916 vos?
775 1866 892 1932 quid
929 1867 1226 1930 quaeritatis?
1263 1865 1379 1930 quid
1414 1883 1490 1913 me
1522 1866 1722 1914 circum-

462 1952 630 1999 sistitis
644 1953 667 1998 ἶ)

192 2067 235 2085 vv.
252 2061 382 2086 818-ωὲ.
401 2061 495 2086 noch.
515 2061 584 2086 Tetr-
606 2060 777 2089 ont—Deos,
796 2058 1059 2090 monuwa—Q.
1080 2059 1171 2087 Curae,
1195 2059 1284 2084 omitt.
1310 2059 1394 2098 codd
1421 2059 1634 2084 auset—892
1655 2058 1685 2082 Β,
1700 2058 1725 2087 l,

134 2102 164 2127 B.
176 2109 200 2131 c,
226 2105 320 2127 eontra
337 2104 465 2131 metrum,
485 2102 585 2126 cat-ete.
602 2093 662 2123 τοῦ
680 2101 750 2125 cave
770 2103 862 2124 autem
883 2099 934 2124 ult.
956 2099 1017 2131 syn.
1034 2099 1130 2131 eor-rip.
1164 2100 1251 2132 Supra
1271 2100 1326 2125 m.
1360 2100 1431 2130 Illic,
1452 2100 1526 2131 prior
1543 2100 1604 2131 syn.
1625 2100 1724 2131 oerrip.

131 2144 209 2169 luna
223 2144 471 2169 ffi—oess-oeu
490 2142 577 2168 lamb.
595 2142 785 2167 Tetr.—894.
805 2141 860 2170 mi,
888 2140 972 2165 Codd.
999 2140 1084 2166 nostri
1106 2141 1188 2172 plane
1208 2142 1279 2168 ime,-
1307 2145 1336 2166 et
1361 2149 1411 2173 pro
1431 2148 1512 2173 quma
1536 2142 1603 2167 dant
1622 2143 1728 2166 ut.—

133 2186 188 2212 ωε.
205 2184 290 2210 cond.
307 2184 392 2210 nostri
409 2185 486 2211 azio.-
503 2184 577 2209 unde
592 2184 696 2213 mn,
713 2183 799 2215 weg.
817 2183 913 2207 αικψ
928 2175 989 2204 τοῦ
1005 2182 1077 2207 πιεα
1090 2185 1183 2207 autem
1200 2182 1275 2214 prior
1290 2182 1351 2213 syn.
1370 2182 1469 2214 comp.
1502 2182 1589 2214 sapa
1602 2183 1656 2207 aaz

185 2279 272 2314 888.
326 2275 404 2313 Per
422 2288 490 2326 ego
507 2273 648 2326 vobis]
678 2271 895 2310 Notissima

132 2337 392 2389 adjurationis
420 2337 604 2381 formula,
636 2336 707 2374 ubi
736 2349 894 2387 praepo-

133 2401 223 2439 sitio
241 2415 322 2438 uno
340 2401 512 2440 alterove
531 2401 653 2438 verbo
671 2413 694 2437 a
712 2412 805 2437 casu
824 2412 895 2437 suo

135 2464 369 2516 sejungitur.
424 2464 515 2502 Ter.
535 2462 661 2501 Andr.
681 2462 732 2500 V.
754 2474 783 2499 1.
804 2467 865 2500 15.

186 2529 208 2542 ‘⁸
227 2527 290 2557 Per
308 2536 366 2565 ego
386 2533 416 2557 te
436 2527 502 2557 deos
521 2525 609 2557 oro.''
653 2525 694 2555 Et
713 2524 842 2563 passim.

188 2594 274 2634 890.
328 2589 379 2627 In
402 2588 664 2639 medicinam]
720 2594 732 2609 ‘
747 2587 808 2624 To
826 2586 894 2624 the

136 2652 327 2690 doctor's.'
380 2653 430 2691 In
450 2652 593 2691 medici
618 2652 794 2696 domum,
824 2664 892 2688 seu

135 2717 351 2754 tabernam.
396 2716 464 2755 Sic
482 2715 688 2766 Aristoph.
708 2720 796 2754 448.
831 2714 896 2752 Ἐν

138 2784 220 2816 ταῖς·
237 2782 432 2832 μυρῤἰναις.
488 2780 543 2817 Et
562 2779 667 2817 Ibid.
686 2784 775 2824 910.
828 2777 893 2816 Ἐκ

138 2843 213 2878 τᾶν
229 2842 348 2891 ἰφύων.
377 2842 466 2880 Etc.
520 2842 623 2880 Vide
643 2842 772 2879 Glooe.

1014 2276 1101 2316 893.
1135 2270 1340 2309 Sublimem
1353 2277 1505 2323 raptum
1519 2270 1725 2324 oportuit]

963 2333 1079 2372 ‘You
1107 2334 1250 2372 should
1276 2334 1379 2373 have
1401 2334 1479 2372 had
1503 2334 1585 2371 him
1614 2348 1724 2385 upon

961 2411 1063 2448 your
1088 2398 1295 2436 shoulders
1323 2398 1419 2448 long
1443 2411 1530 2448 ago.
1586 2398 1728 2436 Utitur

961 2468 1140 2512 tempore
1176 2462 1380 2513 praeterito
1415 2475 1496 2513 quo
1527 2474 1722 2500 summam

962 2525 1201 2564 celeritatem
1211 2526 1425 2576 exprimat:
1439 2525 1506 2563 Sic
1517 2524 1726 2577 Aristoph-

963 2588 1059 2626 Pax.
1092 2594 1204 2627 1041.
1249 2587 1387 2625 “'Au’
1419 2587 1541 2632 ἥκειν
1570 2586 1724 2641 ἐχρῆν.

961 2654 992 2703 (‘
1004 2652 1093 2690 You
1114 2651 1257 2690 should
1276 2651 1377 2689 have
1402 2652 1503 2689 been
1522 2651 1628 2690 there
1645 2653 1728 2691 and

961 2715 1056 2754 back
1073 2715 1191 2767 again
1211 2717 1265 2766 by
1281 2717 1416 2765 now.')
1445 2714 1562 2754 Nost.
1579 2716 1726 2755 Bacch.

962 2784 1049 2822 723.
1122 2785 1148 2801 “
1162 2779 1253 2817 Jam
1303 2779 1366 2817 bis
1409 2778 1559 2818 bibisse
1605 2793 1727 2831 opor-

960 2842 1077 2879 tuit.”
