1864 3152
589 257 769 292 INDEX
808 256 867 290 IN
902 254 1291 290 AULULARIAM.

502 432 552 470 D.

155 523 219 560 Da
236 521 290 559 mi
308 532 479 572 operam.
510 523 595 557 101.

155 597 339 649 Dapsiles
356 596 480 634 dotes.
508 600 594 634 124.

152 669 262 707 Dari.
289 682 363 720 pro
380 667 559 707 daturum
577 666 641 705 ἐπ’.
669 671 757 706 483.
776 671 864 705 558.

155 743 334 782 Darium.
387 734 592 793 (Regem.)
619 745 682 785 47.

154 819 235 856 Dat
251 830 413 869 operam
428 815 539 854 mihi.
565 814 654 855 653.

154 892 300 930 Datare
318 898 561 930 consuetum.
589 895 678 937 591.

153 968 256 1006 Date
273 967 390 1005 viam.
418 966 505 1006 361.

151 1043 215 1082 De
232 1042 361 1094 capite
377 1055 467 1080 meo
484 1049 578 1080 sunt
594 1041 761 1080 comitia.
788 1039 876 1079 654·

151 1117 214 1155 De
232 1116 436 1154 industria.
463 1120 552 1159 374.

153 1191 215 1229 De
233 1202 439 1242 proxumo.
467 1187 513 1226 P.
531 1195 594 1228 31.

154 1266 218 1304 De
236 1277 391 1302 summo
406 1263 504 1302 loeo.
533 1263 575 1301 P.
595 1268 658 1302 28.

155 1340 218 1378 De
236 1353 308 1378 suo
324 1338 519 1377 obsonari.
544 1342 632 1377 250.

154 1418 428 1459 Deblaterasti.
455 1424 544 1457 224.

155 1491 363 1532 Declinavi
379 1504 444 1529 me
461 1497 571 1529 extra
587 1490 702 1528 viam.
730 1489 817 1528 665.

156 1567 371 1605 Decretum
387 1571 448 1603 est
463 1564 574 1602 mihi.
598 1568 686 1607 527.

155 1643 335 1680 Decumo
350 1653 485 1678 mense
502 1645 605 1690 post.
634 1642 722 1681 755.

154 1712 311 1751 Dedam
327 1710 563 1762 discipulam
579 1709 700 1748 cruci.
728 1714 789 1747 20.

155 1787 347 1825 Defecato
363 1785 506 1823 animo.
534 1788 596 1823 40.

157 1863 346 1901 Deferam
362 1873 507 1899 nomen
523 1866 648 1898 tuom.
676 1864 763 1902 370.

158 1939 314 1989 Degam
330 1937 516 1975 laborem.
547 1940 632 1973 122.

157 2011 325 2050 Deludis
342 2017 389 2048 ut
406 2009 517 2048 soles.
544 2013 632 2052 775.

157 2086 262 2123 Dem
278 2083 450 2121 insidias.
479 2080 567 2120 616.

156 2158 364 2196 Deorsum.
418 2155 625 2205 (Quietem
652 2152 907 2203 significans.)

235 2238 323 2272 321.

158 2306 355 2344 Deorsum
371 2303 486 2342 duco.
513 2301 602 2341 662.

158 2379 264 2416 Deos
283 2376 402 2416 credo
421 2375 603 2413 voluisse.
632 2373 719 2419 699.
741 2378 827 2417 700.

159 2452 342 2502 Deponat
359 2449 463 2487 vino.
491 2453 578 2487 530.

161 2526 387 2576 Desquama
401 2524 541 2576 pisce&
568 2527 655 2562 352.

160 2602 340 2641 Detrusti
356 2615 432 2640 me.
458 2605 547 2646 289.

162 2674 269 2712 Deus
286 2673 383 2711 mihi
401 2672 592 2724 impulsor
610 2671 698 2709 fuit.
725 2669 813 2715 694.
830 2702 834 2710 ,

161 2749 354 2787 Dexteras
371 2747 614 2798 copulantur.
644 2751 704 2787 77.

971 378 1250 417 Diabathrarii.
1277 376 1365 420 467.

971 451 1112 490 Dicam
1129 451 1203 489 tibi
1222 450 1400 489 scribam.
1430 447 1517 492 716.

972 526 1050 564 Die
1067 539 1158 564 uno.
1187 531 1248 564 31.

972 600 1173 639 Differam.
1201 605 1287 639 400.

971 675 1156 726 Digitum
1175 682 1455 712 transvorsum.
1487 677 1544 710 18.

971 750 1145 801 Dignam
1163 757 1203 788 te
1220 756 1267 787 ut
1283 755 1441 787 aetatem
1458 747 1604 798 exigas.
1632 751 1667 784 4.

969 825 1039 862 Dii
1055 826 1157 864 bene
1174 824 1352 862 vortant!
1381 827 1469 861 213.
1488 826 1575 860 228.

970 898 1051 944 Dii,
1079 898 1255 949 deaeque,
1284 903 1477 947 quantum
1494 901 1565 934 est.
1592 899 1678 938 742.

970 974 1189 1013 Dimidiam
1206 980 1371 1025 partem.
1399 978 1486 1016 724.

971 1048 1194 1086 Dimidium
1212 1045 1376 1085 obsonii.
1403 1050 1491 1088 247.

970 1121 1217 1172 Discipulam
1236 1119 1356 1158 cruci.
1384 1123 1448 1157 20.

970 1193 1199 1232 Discrucior
1217 1191 1349 1230 animi.
1376 1189 1438 1230 66.

970 1266 1233 1318 Dispartirem
1250 1264 1469 1302 obsonium.
1497 1267 1584 1302 238.

971 1340 1253 1392 Dispartivisti.
1281 1343 1369 1378 285.

973 1416 1186 1467 Disputata
1203 1421 1263 1453 est
1278 1413 1390 1451 ratio.
1416 1416 1504 1450 484.

973 1488 1146 1526 Divitior
1165 1487 1255 1538 quis
1272 1487 1363 1524 me?
1394 1483 1481 1528 766.

973 1564 1131 1603 Divorti
1150 1563 1182 1601 si
1203 1561 1301 1613 quid
1317 1562 1415 1599 fuat.
1444 1564 1528 1605 190.

974 1637 1101 1676 Dixis.
1129 1649 1203 1687 pro
1220 1634 1377 1672 dixeris.
1406 1638 1492 1675 701.

973 1696 1183 1751 Βοῃίοιιω.
1210 1724 1284 1762 pro
1301 1709 1426 1747 donec.
1458 1713 1515 1752 19.

974 1787 1121 1824 Dotata
1137 1791 1197 1823 est
1215 1783 1318 1822 satis.
1348 1781 1431 1828 196.

975 1862 1079 1899 Dote
1097 1872 1255 1899 cassam.
1286 1862 1371 1896 148.

974 1936 1099 1974 Dotes
1117 1933 1298 1985 dapsileS.
1330 1935 1415 1970 124.

975 2008 1135 2046 Duoent
1152 2006 1326 2043 domum.
1353 2008 1440 2041 434.

975 2082 1108 2119 Ducat
1125 2079 1299 2116 domum.
1328 2075 1414 2120 567.

974 2157 1108 2194 Ducat
1125 2167 1222 2193 eam.
1277 2152 1504 2202 (Uxorem.)
1536 2150 1577 2187 P.
1598 2154 1658 2188 33.

975 2230 1153 2269 Dudum.
1181 2227 1268 2273 639.

975 2305 1097 2342 Duas.
1124 2315 1198 2353 pro
1215 2300 1291 2339 des.
1322 2303 1406 2344 195.

975 2376 1110 2413 Duim.
1136 2387 1210 2425 pro
1227 2369 1403 2409 dederim.
1431 2368 1517 2407 626.

975 2450 1086 2487 Duit.
1115 2461 1188 2499 pro
1205 2444 1358 2483 dederit.
1387 2448 1448 2481 23.

1319 2576 1367 2614 Ε.

975 2668 1011 2706 Ε
1031 2678 1235 2718 proxumo.
1263 2662 1350 2701 246.

979 2742 1035 2779 Ea
1053 2738 1189 2791 gratia.
1219 2743 1305 2776 223.
1339 2736 1377 2773 P.
1398 2740 1457 2773 32.
