1864 3152
650 226 720 268 IN
753 226 1193 269 MENAECHMOS.
1594 228 1684 271 203

151 359 177 376 “
193 353 359 400 Vetulae,
378 355 574 402 edentuloe,
598 370 690 409 quae
709 356 807 396 vitia
822 357 999 409 eorporis
1017 357 1112 397 fuco
1128 356 1353 396 occulunt?
1399 355 1617 403 Translate,
1636 357 1688 397 de

150 428 235 468 vino
252 430 510 478 vetustissimo,
541 432 694 472 Poenul.
712 432 801 479 569.

222 550 311 594 765.
375 545 678 607 stimulum]
735 557 935 596 Observat
954 557 1100 595 LAn:
1120 555 1224 594 hanc
1242 568 1381 594 vocem
1396 554 1503 594 Vett.
1520 554 1563 593 in
1580 568 1684 594 mas-

146 632 292 679 culino,
320 641 360 672 et
377 641 520 673 neutro
536 647 695 686 genere,
723 635 882 674 dixisse.
935 635 999 673 Ita
1017 647 1149 680 nasus,
1177 641 1218 672 et
1236 647 1382 679 nasum,
1411 634 1541 686 Supra
1558 639 1622 680 90.

230 768 298 776 —
371 738 431 786 In
458 727 652 787 nlanum
675 742 786 801 est.]
844 748 948 787 Vide
977 749 1087 786 Nott.
1142 746 1210 786 Sic
1238 746 1387 798 Amph.
1416 752 1504 787 558.
1559 747 1683 795 “Qui

145 823 248 862 istuc
266 823 306 862 in
326 828 480 863 mentem
497 830 552 864 est
571 825 645 864 tibi
656 827 699 864 ?”
752 825 845 864 Aul.
863 832 901 872 9.
953 829 979 847 “
992 825 1034 864 Si
1052 825 1199 863 fustem
1220 838 1363 876 cepero
1384 832 1454 863 aut
1475 825 1683 864 stimulum

145 898 185 935 in
203 901 386 937 mmmm?
425 899 543 939 Cure.
559 904 647 939 358.
689 899 846 938 “Talos
863 899 992 951 poscit
1011 899 1087 938 sibi
1106 899 1145 937 in
1162 900 1351 937 manum.”
1389 899 1479 938 AEn.
1499 900 1575 939 VI.
1592 905 1682 947 395.

145 978 170 995 “
182 974 209 1012 I
209 989 233 1012 n
252 974 376 1013 vincla
395 974 575 1027 petivit-'⁸
631 975 751 1014 Plura
768 975 923 1014 confert
941 974 1086 1013 Bora:
1113 974 1156 1012 in
1173 973 1248 1013 loc.
1267 974 1333 1013 cit.
1352 974 1501 1027 Amph.

218 1083 305 1127 768·
374 1079 594 1142 Denuo.]
654 1085 817 1139 Again.
879 1089 997 1128 Adv:
1027 1089 1139 1141 quasi
1165 1089 1213 1127 de
1238 1102 1344 1127 novo.

217 1206 305 1244 771.
369 1196 527 1245 Tuom
559 1198 741 1246 dictum
772 1197 1053 1263 Apollinis.]
1114 1206 1270 1246 Eadem
1309 1206 1552 1246 constructio
1588 1221 1679 1259 quae

143 1281 224 1321 Cic.
256 1282 359 1320 Phil.
389 1284 444 1323 ΙΙ.
498 1285 673 1324 “Tuum
710 1285 882 1323 hominis
918 1285 1108 1337 simplicis
1142 1286 1319 1337 pectus.”
1371 1285 1428 1324 Et
1462 1285 1506 1324 in
1541 1287 1680 1326 Manil.

143 1361 169 1378 “
184 1356 319 1395 Tuum
341 1358 566 1409 gravissimi
584 1359 659 1397 viri
679 1359 914 1411 judicium.”
941 1366 987 1398 ut
1009 1366 1117 1398 recte
1135 1359 1252 1398 Voss.
1306 1359 1444 1399 Addas
1469 1360 1571 1399 Hor.
1597 1361 1680 1401 Sat.

142 1433 175 1471 1.
195 1445 254 1471 ιν.
273 1439 337 1472 22.
391 1440 418 1457 “
432 1434 536 1473 cum
562 1449 643 1474 mea
669 1448 787 1474 nemo
812 1435 969 1486 Scripta
987 1435 1108 1486 legat,
1137 1435 1262 1486 vulgo
1287 1436 1454 1475 recitare
1480 1437 1680 1476 timentis.”

141 1507 224 1547 Cic.
250 1507 337 1547 Att.
360 1508 435 1547 xl.
464 1515 522 1549 15.
550 1510 655 1549 med.
709 1509 880 1548 “Solius
908 1510 1014 1548 enim
1041 1523 1158 1548 meum
1182 1517 1392 1562 peccatum
1421 1512 1567 1564 corrigi
1597 1526 1680 1551 non

141 1584 309 1634 potest.”
362 1583 426 1622 De
463 1584 574 1624 Orat.
604 1585 638 1624 Ι.
666 1583 729 1624 60.
757 1583 899 1634 ξ.255.
955 1583 1086 1623 “Tua
1118 1584 1273 1630 domus,
1310 1585 1400 1624 talis
1435 1589 1478 1625 et'
1509 1586 1600 1634 viri,
1637 1594 1680 1627 et

139 1657 268 1697 civis?
307 1658 572 1710 Frequentior
589 1659 699 1711 apud
717 1659 879 1698 Graecos
898 1659 1140 1698 constructio
1146 1673 1159 1705 ;
1187 1673 1222 1698 e.
1238 1673 1278 1710 g.
1306 1659 1440 1699 AEsch.
1459 1662 1538 1713 Ag.
1561 1668 1676 1709 1293.

141 1737 165 1754 ‘⁶
182 1733 308 1771 Εἶπεῖν
333 1734 464 1786 θρῆνον
491 1732 583 1781 θέλω
609 1733 740 1782 ’Epor
766 1733 847 1772 τᾶν
872 1733 1047 1780 αὖτῆς.”
1101 1733 1222 1772 Hom.
1243 1734 1320 1773 Od.
1343 1734 1376 1773 Ῑ.
1402 1736 1487 1775 161.
1543 1736 1620 1774 “Ἂ
1631 1745 1675 1775 λ-

140 1807 326 1859 λότριον
352 1807 541 1861 ἅνερος.”
594 1809 718 1848 Arist.
740 1808 914 1847 Acharn.
933 1814 996 1855 93.
1050 1807 1164 1845 “Tdu
1190 1807 1268 1846 σδν
1295 1808 1376 1847 τοῦ
1402 1809 1677 1864 πρέσβεως.υ

140 1881 237 1921 Eur.
267 1883 366 1922 Hec-
395 1888 484 1923 430.
538 1882 800 1928 “Oavoussens-
828 1881 931 1930 ὄμμα
958 1884 1166 1930 συγκλείσει
1194 1882 1251 1920 ’νδ
1278 1882 1392 1922 σόν.”

213 1999 301 2037 773.
365 1989 460 2037 Vel
483 1988 598 2050 hic.]
660 1993 728 2034 To
749 1994 879 2034 think
899 1992 1025 2035 that!
1084 1997 1282 2037 Particula
1306 1999 1366 2037 „ez
1384 1998 1460 2038 hoc
1479 1999 1568 2040 1000
1591 2002 1674 2041 vim

138 2075 259 2115 habet
276 2076 519 2122 admirantis,
537 2084 584 2115 ut
602 2076 714 2115 Infra
730 2082 820 2123 940.
875 2076 962 2114 Mil.
981 2082 1043 2122 59.
1090 2082 1117 2099 “
1133 2077 1204 2116 Vel
1219 2077 1307 2124 illoe,
1331 2092 1422 2130 quae
1437 2078 1534 2119 here
1551 2081 1675 2133 pallio

139 2163 203 2189 me
220 2151 597 2202 reprehenderunt-'⁹
624 2149 732 2203 (and,
761 2150 869 2189 what
886 2150 939 2188 do
955 2164 1037 2202 you
1054 2150 1173 2189 think
1186 2152 1195 2190 !
1206 2181 1215 2189 .
1229 2181 1240 2189 .
1253 2151 1289 2203 .)

213 2272 301 2310 777.
363 2259 607 2331 validus]
674 2269 728 2307 H.
750 2269 775 2307 1.
802 2268 908 2307 valet
932 2281 1064 2307 sanus.

142 2400 148 2404 ·
212 2386 301 2425 780.
363 2376 572 2436 Platea]
638 2379 797 2422 Str-eet.
844 2384 882 2422 A
909 2382 1055 2421 rna-roe
1080 2382 1194 2422 latus.

212 2503 300 2541 781.
364 2488 741 2556 Exspectanda]
805 2499 927 2547 Quod
960 2499 1012 2537 ad
1046 2498 1277 2551 hujusmodi
1300 2499 1514 2537 verborum
1542 2499 1669 2552 scrip.

136 2588 268 2618 turam
292 2580 477 2631 pertinet,
504 2581 607 2618 bene
625 2579 709 2631 agit
731 2578 880 2618 Funcc.
900 2578 985 2616 Vir.
1007 2578 1087 2617 AEt.
1104 2579 1152 2617 L.
1172 2578 1219 2616 L.
1242 2578 1352 2616 Pars.
1372 2577 1429 2617 11.
1456 2578 1552 2630 Cap.
1568 2591 1666 2618 vrn-

137 2653 359 2706 ”Exspecto
378 2652 422 2692 'et
444 2653 608 2707 exspolio
629 2654 751 2692 verba
772 2652 997 2704 promiscue
1014 2652 1138 2703 vulgo
1161 2664 1253 2690 cum
1275 2664 1296 2689 s
1313 2652 1376 2690 vel
1400 2651 1484 2691 sine
1501 2666 1522 2690 s
1541 2652 1664 2692 inter-

138 2728 267 2780 poffito
293 2728 539 2768 scribuntur:
577 2728 647 2767 sed
674 2728 791 2780 plane
816 2726 926 2766 aliud
952 2733 1013 2766 est
1039 2731 1189 2778 capedo
1214 2732 1256 2765 et
1280 2725 1426 2778 expolio
1451 2740 1572 2778 quam
1598 2741 1663 2766 ex-

136 2808 263 2855 specto
291 2809 334 2842 et
358 2802 531 2855 exspolio.
582 2802 750 2855 Expecto
774 2801 881 2841 idem
910 2808 971 2841 est
998 2800 1107 2853 quod
1132 2800 1291 2853 pectine
1316 2801 1465 2841 evello:
1492 2807 1664 2855 exspecto
