1864 3152
707 261 1140 305 MENAE'CHMEI.
1653 263 1707 304 31

137 394 250 444 ME.
266 394 313 443 S.
350 394 557 443 Dictum
590 393 789 442 facessas
821 393 1028 450 doctum,
1061 401 1111 442 et
1143 393 1379 442 discaveas
1408 395 1561 442 malo!

268 478 505 527 Molestus
533 494 595 526 ne
628 478 715 526 sis!
751 494 846 526 non
880 485 965 526 tuo
997 475 1087 525 hoc
1117 477 1202 525 fiet
1233 477 1394 526 modo!

1383 561 1444 609 M
1448 575 1524 610 Es.
1560 559 1709 617 Hem,

267 643 388 693 Illoc
416 645 544 692 enim
578 644 719 691 verbo
752 659 852 692 esse
883 659 961 691 me
991 660 1170 692 servom
1207 645 1328 692 scio!

265 727 376 775 Non
409 726 568 791 potuit
599 726 762 790 paucis
793 725 931 789 plura
962 726 1102 790 plane
1135 727 1363 791 proloqui.

266 811 447 859 Verum
480 816 581 858 tam
609 825 792 872 nequeo
823 809 1069 865 contineri,
1103 810 1219 873 quin
1252 810 1430 874 loquar.

836 891 998 949 Quom
1031 893 1228 957 inspicio
1261 895 1567 959 marsupium,

265 893 419 949 Audi,
455 891 767 941 Menaechme.

1638 822 1712 859 170

266 976 498 1025 Viaticati
530 975 685 1024 hercle
719 974 974 1024 admodum
1008 977 1168 1025 aestive
1200 992 1379 1025 sumus.

268 1058 360 1107 Nae
389 1066 447 1107 tu
477 1057 648 1114 hercle,
682 1059 860 1123 opinor,
892 1059 986 1106 nisi
1017 1058 1209 1107 domum
1243 1062 1505 1117 revorteris,

268 1142 365 1190 Ubi
397 1141 469 1189 nil
501 1140 711 1197 habebis,
743 1141 987 1205 geminum
1021 1141 1136 1189 dum
1170 1143 1355 1206 quaeris,
1386 1160 1562 1208 gemes.

199 1268 225 1286 v.
242 1261 296 1289 170.
326 1260 358 1285 B.
377 1260 400 1290 1,
422 1259 454 1285 B.
473 1266 497 1290 c,
526 1258 960 1284 Verum-eamme.
994 1258 1279 1290 Equidememmnm·
1295 1259 1494 1292 preferendum
1514 1262 1614 1292 ommi,
1637 1265 1669 1288 ut
1688 1267 1716 1288 et

137 1304 292 1334 Insulam,
307 1300 730 1334 ubidchgimrle;t-‹>nt
749 1300 820 1326 Bud-
839 1300 910 1329 1014.-
940 1300 1007 1325 de.
1024 1301 1492 1333 nonnunaenenoqueoconfinere,
1508 1304 1715 1335 quodmen-um

137 1345 297 1379 pummdat.
329 1342 1715 1378 thaqufflnssrmemoeuoqutmfinergeudflnsenmquowmneramoenninonoeelf,

134 1388 294 1417 toreham)
310 1384 544 1417 mestaequioris
553 1383 835 1413 Latinitatis—171.
853 1383 885 1408 B.
897 1384 924 1412 1,
940 1383 972 1409 B.
984 1390 1010 1413 c,
1027 1385 1141 1413 Audin:
1157 1389 1189 1411 ut
1198 1386 1339 1413 Iustam

135 1484 223 1515 tum
244 1487 347 1527 pene
369 1475 507 1513 orbem
527 1480 723 1511 terrarum
748 1471 893 1510 lustra-

137 1540 197 1577 vit
219 1552 300 1590 quo
321 1537 510 1591 Ἱστορίαν
536 1549 648 1576 suam
670 1535 892 1575 accuratius

137 1601 413 1641 conscriberet.
497 1598 499 1600 ’

191 1675 278 1716 166.
331 1675 488 1714 Dictum
493 1672 680 1726 facessas
706 1671 893 1724 doctum]

138 1747 151 1763 ‘
164 1741 285 1779 Come
318 1739 406 1778 let's
438 1738 541 1777 have
575 1750 679 1776 none
714 1736 762 1774 of
790 1749 893 1787 your

137 1803 232 1842 wise
250 1804 374 1841 sava?
419 1801 514 1840 Noli
530 1800 629 1839 mihi
646 1800 835 1851 argutari,
853 1806 894 1838 et

137 1865 349 1906 sententias
365 1864 578 1903 funditate.
631 1863 732 1902 Pin.

191 1940 277 1981 168.
329 1938 428 1978 Illoc
462 1938 559 1977 enim
592 1936 744 1990 verba]
798 1937 894 1976 Res-

136 2003 237 2058 picit
258 2002 459 2042 mordacia
474 2001 543 2040 illa
559 2001 693 2046 verba,
725 1998 814 2038 Non
831 2005 896 2039 tuo

141 2067 293 2118 hocfiet
310 2066 425 2105 modo.
478 2064 588 2104 Vide
605 2064 718 2102 Infra
734 2068 823 2103 348.

192 2146 279 2185 172.
338 2138 521 2179 V‘taticati
554 2138 718 2190 oestive.]
787 2137 895 2177 Vide

139 2204 267 2243 Gloss.
319 2202 451 2242 Variae
465 2202 589 2254 hujus
605 2201 683 2240 loci
699 2201 893 2252 interpre-

136 2268 303 2307 tationes
318 2267 589 2319 proferuntur‚
601 2278 769 2317 quarum
785 2264 895 2303 illam

140 2331 325 2371 Lambini
353 2330 526 2383 praetuli.
578 2328 752 2367 ''AEstz've
779 2327 892 2366 viati-

138 2395 217 2435 cati
244 2402 349 2441 sunt,
383 2394 557 2434 tenuiter
584 2400 625 2432 et
653 2399 821 2444 anguste
854 2398 895 2430 et

138 2472 256 2511 parce
279 2459 477 2506 viaticam
505 2470 685 2497 sermone
706 2456 895 2495 translato

140 2523 191 2561 ab
206 2522 256 2561 iis
279 2523 350 2575 qui
366 2522 503 2568 vestiti,
526 2521 580 2560 ad
604 2534 673 2560 eos
692 2521 763 2572 qui
782 2519 895 2559 viati-

141 2586 219 2624 cati
252 2592 356 2624 sunt.
407 2582 565 2624 Dicere'
582 2584 690 2624 enim
724 2583 894 2622 solemus

141 2647 312 2699 aliqu·
328 2647 456 2687 oestive
470 2648 654 2693 vestitum,
668 2647 739 2699 qui
755 2647 895 2686 leviter

143 2717 183 2749 et
226 2711 410 2762 expedite
452 2712 619 2751 vestitus
660 2718 732 2750 est.
790 2711 895 2749 Nam

142 2772 280 2811 aestivo
300 2780 491 2826 tempore,
517 2773 665 2813 vestitu
685 2773 833 2812 leviore
854 2780 895 2812 et

962 1471 1057 1512 Huc
1073 1474 1246 1524 pertinet
1261 1476 1356 1515 Juv.
1375 1475 1456 1520 Sat.
1476 1477 1509 1515 Ι.
1527 1482 1590 1517 28.

958 1548 980 1562 “
993 1546 1134 1579 Ventilet
1141 1550 1278 1580 aestivum
1286 1549 1391 1590 digitis
1399 1551 1583 1583 sudantibus
1592 1562 1702 1584 aurum
1708 1578 1716 1590 ‚

991 1596 1060 1629 Nec
1074 1598 1202 1632 sufferre
1218 1606 1315 1640 queat
1331 1600 1455 1640 majoris
1472 1603 1612 1641 pondera
1630 1615 1715 1643 gem-

1027 1648 1125 1680 mae.¹'

958 1719 1042 1767 Qui
1054 1727 1187 1759 autem
1198 1721 1340 1760 malint
1351 1723 1531 1774 accipere
1548 1723 1600 1763 de
1613 1724 1715 1763 victu

959 1798 1029 1823 seu
1041 1790 1254 1831 commeatu,
1273 1800 1394 1837 quem
1406 1787 1600 1827 minorem
1614 1789 1717 1828 aesti-

958 1848 1018 1886 vis
1029 1849 1166 1888 castris
1180 1863 1301 1901 quam
1312 1850 1489 1890 hibernis
1506 1852 1717 1903 providere

959 1925 1045 1951 mos
1062 1920 1146 1951 erat
1162 1913 1368 1959 militibus,
1395 1915 1603 1954 consulant
1620 1918 1716 1956 Aul.

962 1976 1065 2015 Gell.
1085 1977 1197 2014 XVI.
1222 1982 1258 2016 3.
1312 1978 1612 2018 “Erasistratus
1635 1982 1718 2019 vim

962 2040 1161 2091 quandam
1194 2041 1311 2079 famis
1342 2054 1425 2080 non
1457 2042 1716 2092 tolerabilem,

961 2117 1081 2156 quam
1117 2104 1250 2143 Graeci
1286 2104 1470 2154 βούλιμον
1503 2108 1717 2159 appellant,

960 2167 1002 2205 in
1029 2167 1160 2206 diebus
1175 2167 1456 2220 frigidissimis
1479 2169 1594 2209 multo
1605 2171 1717 2222 faci-

959 2230 1034 2270 lius
1049 2232 1220 2270 accidere
1235 2233 1304 2278 ait,
1331 2247 1452 2284 quam
1469 2247 1595 2285 quum
1613 2249 1718 2274 sere-

959 2307 1057 2333 num
1073 2301 1194 2346 atque
1209 2295 1413 2347 placidum
1429 2298 1524 2335 est-’¹

1014 2397 1099 2437 174.
1156 2391 1389 2444 Geminum]
1443 2392 1584 2431 ‘Your
1617 2393 1717 2432 twin

958 2455 1145 2494 brother.’
1197 2455 1325 2494 Ludit
1366 2456 1410 2494 in
1443 2457 1717 2508 paronomasia

959 2519 1031 2557 τοῦ
1042 2532 1167 2572 gemes
1171 2533 1190 2562 ;
1211 2520 1276 2570 (ut
1287 2524 1393 2558 mox.
1411 2533 1450 2557 v.
1469 2524 1555 2558 184.
1585 2519 1716 2572 Supra

959 2582 1067 2620 Prol.
1087 2582 1152 2622 65.
1170 2584 1266 2634 etc.)
1306 2583 1453 2622 Gemes
1469 2589 1617 2629 autem,
1633 2597 1716 2623 non

959 2653 1042 2685 tam
1075 2647 1128 2685 ob
1161 2647 1333 2685 fratrem.
1356 2645 1558 2692 amissum,
1594 2660 1715 2699 quam

960 2709 1071 2762 quod
1094 2710 1196 2748 nihil
1215 2710 1300 2759 jam
1327 2708 1404 2747 erit
1427 2708 1471 2746 in
1499 2710 1713 2761 marsupio,

960 2774 1068 2813 unde
1094 2774 1244 2813 victum
1271 2779 1312 2812 et
1336 2771 1556 2812 necessaria
1583 2786 1714 2813 emere

143 2835 329 2886 pauciore
337 2850 447 2889 ,opus
467 2844 529 2877 est
545 2850 667 2888 quam
682 2837 893 2876 brumali.“
957 2835 1095 2888 possis
