1864 3152
611 278 677 319 IN
713 277 1158 320 AULULARIAM.
1555 276 1640 321 159

196 422 284 456 414·-
349 409 593 472 Facinus]
650 419 722 457 Est
752 418 790 456 h.
810 419 836 456 l.
865 419 907 457 in
935 420 1079 457 bonam
1112 415 1274 468 quidem
1304 422 1456 468 partem
1484 429 1647 468 usurpa-

121 504 222 542 tum,
251 495 321 535 sed
345 495 395 535 de
424 508 467 534 re
492 495 624 534 nascio
653 495 751 547 quid
776 495 943 547 periculi
971 495 1153 533 habente.
1208 492 1273 532 Sic
1301 492 1390 532 Ter.
1421 492 1566 532 Heaut-
1596 493 1650 531 11.

123 585 184 610 111.
212 575 274 614 73.
331 570 462 608 “Non
489 569 533 608 fit
559 570 643 608 sine
669 569 818 621 periclo
830 567 1001 619 facinus
1026 580 1215 619 magnum
1242 573 1283 606 et
1307 566 1594 606 memorabile.”

197 674 286 713 416.
347 667 537 725 Velut]
598 670 660 711 As
680 670 758 725 for
788 671 1018 717 instance,·
1042 670 1122 724 for
1152 669 1361 722 example.

206 799 273 807 —
348 753 568 826 Tentat]
627 771 821 826 Plagaes
843 783 920 811 me.
978 774 1119 812 Vexat.
1149 773 1247 811 Hor.
1267 772 1350 811 Sat.
1370 772 1404 810 1.
1423 785 1451 811 1.
1471 778 1532 812 80.
1567 772 1650 811 “Si

129 855 332 896 condoluit
358 858 538 893 tentatum
565 853 713 905 frigore
741 855 919 904 corpus.”

203 962 292 1002 419.
356 949 647 1014 condigne]
702 959 808 998 vide
835 959 948 999 Nott.
976 959 1041 998 Sic
1061 955 1178 1000 Men.
1202 964 1288 998 805.
1317 959 1366 998 G.
1419 960 1537 999 Adde
1565 960 1653 999 Mil.

129 1039 217 1080 506.
271 1045 298 1061 “
311 1039 422 1077 Dum
440 1038 661 1092 condignam
680 1046 720 1078 te
738 1046 907 1079 sectatus
926 1039 1117 1078 simiam.’'
1163 1039 1276 1078 Poen.
1297 1045 1384 1079 334.
1426 1046 1452 1063 “
1464 1040 1656 1094 Condigne

127 1115 338 1166 haruspex,
367 1127 447 1152 non
465 1113 584 1152 homo
610 1114 808 1153 trioboli'’.
822 1144 832 1152 .
847 1115 914 1153 .In
943 1116 1029 1154 Cas.
1057 1114 1146 1161 634,
1179 1115 1338 1154 videtur
1374 1114 1488 1167 digne
1518 1117 1656 1156 eodem

130 1205 248 1231 sensu
275 1192 469 1243 usurpari.
527 1191 576 1229 In
603 1191 752 1243 Amph.
778 1196 911 1237 383-4,
939 1191 1001 1229 bis
1025 1189 1252 1242 condignum
1273 1190 1315 1228 in
1338 1191 1482 1229 bonam
1503 1199 1656 1243 partem

130 1268 355 1308 inusitatius
381 1270 562 1308 sumitur.

205 1378 293 1411 420.
357 1364 665 1426 Peculiaris.]
719 1370 899 1412 Private
922 1376 1140 1426 property.
1199 1375 1264 1414 Ex
1300 1377 1457 1427 peculio
1491 1383 1659 1428 emptus.

135 1457 257 1505 Quod
282 1457 337 1496 ait
364 1456 494 1495 Ballio
519 1457 561 1495 in
590 1457 730 1495 Pseud.
753 1456 863 1496 1186.
918 1458 1051 1496 “Mea
1074 1459 1234 1510 quidem
1259 1459 1344 1499 haec
1367 1460 1494 1499 habeo
1517 1460 1659 1504 omnia,

134 1536 225 1575 Meo
244 1536 397 1588 peculio
413 1537 573 1587 empta.'’
630 1534 833 1574 Peculium
852 1542 982 1573 autem
1000 1536 1151 1586 grande
1176 1536 1388 1588 aliquando
1409 1535 1661 1587 possidebant

135 1612 260 1651 servi:
297 1611 408 1650 Asin.
433 1616 520 1655 478.
575 1616 601 1633 “
616 1610 743 1661 Frugi
772 1624 859 1648 sum
870 1625 883 1657 ,·
921 1624 1000 1649 non
1029 1618 1160 1663 potest
1185 1611 1376 1664 peculium
1406 1611 1660 1650 enumerari.”

137 1686 348 1724 Formatur
384 1698 461 1723 vox
492 1699 516 1723 a
543 1697 674 1736 pecus,
709 1684 831 1734 (sicut
859 1691 900 1723 et
923 1685 1123 1736 pecunia,)
1144 1686 1252 1737 quod
1280 1685 1498 1737 antiquitus
1520 1698 1659 1737 pecora

135 1759 305 1797 maxime
341 1758 382 1796 in
417 1757 575 1809 peculio
610 1764 749 1796 essent.
805 1757 931 1807 (Vide
961 1758 1033 1797 loc.
1066 1772 1114 1797 ex
1150 1759 1261 1797 Asin.
1294 1759 1357 1798 cit.
1385 1759 1493 1811 apud
1527 1759 1661 1810 Nott.)

137 1833 352 1872 Constabat
386 1832 504 1871 etiam
539 1845 589 1871 ex
626 1832 744 1870 variis
778 1833 898 1871 rebus
931 1833 1167 1880 domesticis,
1205 1834 1307 1874 sicut
1332 1841 1467 1873 nostro
1494 1835 1580 1873 loco
1612 1847 1661 1873 ex

133 1907 280 1961 pullis;
310 1908 404 1947 Juv.
438 1907 516 1946 Sat.
541 1905 621 1944 111.
652 1911 751 1952 1893
780 1919 827 1944 ex
856 1905 954 1953 libis,
986 1920 1055 1945 seu
1083 1907 1273 1958 placentis
1283 1922 1295 1954 ;
1326 1906 1490 1946 “Cultis
1517 1919 1662 1958 augere

134 1981 287 2034 peculia
315 1981 474 2021 servis.”
501 1981 588 2019 Etc.

221 2102 288 2110 —
362 2071 678 2132 Penissume.]
741 2075 815 2117 All
845 2076 949 2123 ὀνκ,-
984 2077 1140 2118 within
1171 2090 1231 2117 an
1264 2089 1349 2117 ace.
1412 2083 1433 2096 ”
1448 2080 1662 2132 Superlati-

142 2174 238 2200 vum
256 2174 280 2198 a
293 2163 430 2212 pene.“
481 2160 585 2199 Con.
603 2159 685 2198 MS.
732 2159 834 2199 Vide
853 2159 966 2198 Nott.
1014 2159 1078 2199 Ita
1096 2159 1217 2211 Apul.
1236 2159 1277 2197 in
1295 2159 1452 2212 Apolog.
1507 2159 1664 2207 “Quod

137 2233 343 2288 penis-sime
372 2232 518 2272 oblitus
545 2233 669 2271 sum.''
725 2232 834 2271 Infra
862 2231 950 2272 622.
1003 2232 1108 2272 Citat
1135 2233 1321 2272 Priscian.
1361 2233 1470 2271 Pam:
1498 2233 1540 2271 in
1566 2233 1662 2272 Lex.

143 2309 274 2348 Plaut-
299 2307 402 2347 Item
422 2307 550 2346 Gloss.
573 2307 669 2346 Cod.
691 2307 744 2345 H.
763 2307 801 2346 6.
855 2306 1119 2354 ’'Pmismm,
1141 2309 1178 2346 A
1192 2321 1291 2360 pene
1307 2307 1508 2354 adverbio,
1528 2322 1664 2360 super-

143 2385 309 2424 lativum
334 2383 376 2422 in
395 2382 541 2421 -simua
588 2381 757 2421 Protulit
776 2381 938 2421 Plautus
957 2382 999 2420 in
1021 2383 1191 2422 Mostell.
1210 2381 1321 2433 [636.
1342 2382 1412 2434 B.]
1465 2387 1492 2404 “
1504 2382 1565 2420 Ita
1579 2395 1668 2422 mea

145 2458 307 2498 consilia
336 2459 543 2510 perturbat
568 2457 817 2510 peni-mame?
830 2462 856 2480 “
910 2458 990 2497 Ubi
1021 2471 1116 2497 vero
1145 2459 1308 2503 Boum,
1336 2457 1440 2497 curis
1469 2457 1663 2504 secundis,

145 2532 272 2573 edidit
292 2532 540 2585 planissume.

220 2630 309 2665 421.
373 2616 679 2685 Scalpurirffl]
744 2623 809 2665 To
841 2625 1023 2666 match.
1087 2630 1109 2643 '¹
1125 2629 1200 2667 Pro
1234 2628 1417 2680 scalpere,
1463 2627 1567 2665 Non.
1603 2627 1665 2666 all.

148 2706 188 2743 h.
203 2710 261 2744 t.“
291 2704 418 2744 Gloss.
445 2705 571 2744 Codd.
600 2704 655 2743 H.
675 2711 710 2744 2.
730 2704 766 2745 6.
814 2705 995 2745 ¹Pedibus
1019 2713 1170 2745 terram
1200 2706 1362 2752 radere;
1388 2712 1444 2744 'ut
1474 2704 1529 2744 ait
1556 2704 1666 2743 Infra

152 2790 240 2831 579.
