1864 3152
643 236 710 279 IN
743 237 1206 280 AULULARIAM.
1586 239 1669 280 141

155 376 199 402 re
234 363 298 402 vel
333 364 464 403 verbis
496 364 678 403 occurrit.
734 365 841 404 Men.
872 370 960 404 338.
1013 363 1160 402 Bacch.
1189 361 1301 402 1086.
1357 361 1502 405 “Quid
1535 363 1603 401 hoc
1630 368 1684 401 est

156 437 329 489 negotii?
357 451 462 483 nam,
492 439 647 484 amabo,
674 439 746 490 qui
772 438 844 477 has
870 453 964 478 oves
990 438 1070 477 huc
1098 437 1287 489 adegit?''
1313 438 1385 476 &c.

226 540 316 592 256.
379 534 712 597 Eradicarier]
780 539 949 593 Utterly
971 539 1144 580 ruined.
1208 542 1421 588 Funditus,
1439 550 1480 582 et
1498 541 1687 580 radicitus

155 620 357 671 perditum
380 634 477 660 esse.
531 621 754 659 Translatio
776 623 827 660 ab
850 621 1060 660 arboribus
1082 620 1301 660 eradicatis.
1355 621 1418 660 Ita
1441 621 1586 660 Lus:
1614 621 1686 673 qui

154 695 250 733 citat
277 695 368 733 Ter.
395 693 543 733 Heaut-
572 694 652 733 111.
678 707 747 732 111.
774 700 837 734 28.
893 694 1000 732 “Dii
1026 701 1068 732 te
1094 693 1325 732 eradicent.”

226 804 316 843 257.
378 790 606 857 Tigillo.]
664 800 768 840 Vide
795 800 910 839 Non.
965 799 1033 838 Fit
1058 813 1082 837 a
1105 798 1251 850 tignum
1256 813 1276 842 ‚·
1302 805 1349 837 ut
1369 797 1537 850 ..iginum
1558 813 1583 838 a
1606 800 1686 851 sig-

153 893 251 918 num
265 895 278 926 ;
306 878 478 917 lucellum
506 893 531 918 a
559 879 743 925 lucrum3
771 886 813 917 et
844 878 975 916 simin.
1029 876 1148 916 Unde
1180 876 1361 928 Tigillum
1393 877 1604 923 Sororium,
1636 877 1688 916 de
1751 875 1764 885 ⁴

154 967 236 1005 quo
266 953 423 999 Festus,
454 967 494 1005 p.
516 959 602 999 192.
656 954 855 992 Caeterum
882 953 1012 991 Gloss.
1042 952 1141 990 cod.
1170 952 1225 990 H.
1243 952 1280 992 6.
1309 952 1418 997 citat,
1447 954 1469 967 ''
1487 951 1685 1003 Tigillum,

153 1027 440 1066 diminutivum
457 1042 481 1066 a
499 1026 642 1079 tegula,
661 1029 781 1067 trabs.
808 1027 994 1079 Papias.“
1030 1027 1085 1064 Et
1102 1027 1158 1066 sic
1175 1025 1316 1064 Isidor.
1331 1025 1444 1076 Orig.
1464 1025 1554 1063 Lib.
1570 1025 1687 1064 XIX.

153 1114 186 1139 c„
205 1112 247 1138 x.
301 1102 324 1115 ’'
344 1099 503 1152 Teguloe
530 1107 695 1145 vocatae‚
725 1099 835 1151 quod
861 1107 1000 1151 tegant
1027 1099 1372 1150 aedes5....cujus
1402 1098 1688 1138 diminutivum

154 1172 365 1225 tigillum.“

223 1277 314 1312 258.
378 1267 604 1328 ΓΟΠΕῙΠ.]
662 1271 701 1313 A
723 1273 920 1313 leatkem
941 1272 1040 1328 bag.
1099 1275 1351 1327 Marsupium
1381 1289 1431 1314 ex
1458 1275 1563 1327 pelle
1591 1289 1688 1315 con-

150 1356 314 1400 fectum,
342 1354 580 1405 plerumque
603 1354 655 1392 ad
671 1354 882 1406 pecuniam
905 1353 1138 1392 servandam
1162 1361 1422 1405 usurpatum;
1450 1360 1498 1391 ut
1521 1353 1565 1391 in
1590 1353 1686 1392 Juv.

154 1429 235 1468 Sat.
254 1427 378 1466 XIII.
397 1428 460 1468 61.
515 1434 542 1451 “
555 1428 597 1467 Si
622 1428 764 1467 reddat
781 1435 955 1467 veterem
978 1440 1070 1466 cum
1087 1434 1171 1465 tota
1187 1425 1552 1479 aeruginefollem.”
1603 1427 1688 1475 Qui

153 1518 291 1544 sensus
325 1517 421 1543 vero
455 1504 521 1543 hic
555 1505 688 1544 locum
714 1518 796 1543 non
825 1504 958 1550 habet,
995 1517 1088 1542 nam
1118 1511 1180 1542 est
1207 1503 1438 1555 simpliciter
1471 1502 1687 1556 hyperbole,

152 1594 272 1632 quam
299 1593 469 1632 sequens
495 1594 633 1619 versus
658 1580 776 1632 plene
803 1586 844 1619 et
869 1578 1037 1618 ridicule
1063 1578 1243 1630 explicat.

222 1683 312 1723 260.
379 1678 631 1738 Obturat]
694 1682 861 1723 Fasten
890 1695 968 1735 up.
1032 1686 1199 1724 Ducunt
1241 1700 1266 1725 a
1300 1685 1403 1739 θύρα.
1467 1686 1563 1725 Cist.
1596 1692 1685 1731 287.

155 1764 305 1804 “Illaec
332 1765 446 1803 Forti
473 1765 653 1803 Fortuna
677 1764 820 1803 fortius
846 1765 979 1802 Aures
1004 1763 1192 1802 obturat?

234 1892 302 1899 —
376 1860 677 1921 Gutturem.]
735 1869 859 1908 Hunc
880 1870 1013 1909 locum
1036 1870 1190 1921 profert
1213 1871 1381 1916 Nonius,
1410 1870 1556 1910 docens
1574 1877 1683 1909 vete-

148 1947 261 1986 ribus
296 1948 488 1986 usitatum
515 1947 639 1986 fuisse
663 1953 804 1999 guttur
830 1947 873 1985 in
901 1961 993 1999 gen.
1031 1948 1239 1987 masculino
1269 1956 1311 1987 et
1341 1956 1494 1987 neutro.
1548 1949 1686 1987 Luni.

151 2022 214 2061 Ita
239 2022 358 2061 etiam
386 2021 625 2066 Priscianus,
653 2021 716 2059 all.
742 2021 784 2059 h.
801 2028 830 2059 t.
857 2035 977 2072 quem
1004 2021 1099 2060 citat
1128 2021 1256 2060 Gloss.
1285 2023 1382 2061 Cod.
1411 2023 1465 2060 H.
1484 2022 1521 2061 6.

224 2125 315 2164 264·
378 2120 639 2169 Talentum
684 2117 952 2185 magnum]
1014 2128 1069 2166 H.
1089 2142 1123 2167 e.
1182 2128 1362 2167 Atticum.
1416 2129 1533 2180 Saepe
1568 2143 1685 2168 usur-

149 2206 261 2258 pavit
288 2207 447 2251 Noster,
475 2206 545 2244 sed
562 2219 643 2244 non
668 2206 820 2251 eodem,
848 2214 895 2244 ut
913 2206 1085 2252 videtur,
1114 2206 1265 2258 ubique
1287 2220 1417 2245 sensu.
1470 2206 1577 2245 Vide
1595 2221 1686 2259 quae

148 2281 191 2320 in
218 2294 314 2320 voce
341 2280 444 2318 dixit
468 2280 589 2319 FAoc.
618 2263 660 2319 et
679 2280 712 2318 si
739 2280 811 2325 vis,
841 2293 941 2331 quos
964 2280 1022 2318 ibi
1048 2279 1099 2318 de
1121 2293 1166 2318 re
1188 2279 1409 2318 nummaria
1431 2280 1568 2319 citavit
1592 2294 1685 2320 auc-

148 2364 266 2395 tores.
320 2355 416 2394 Cist.
444 2361 534 2401 291.
589 2355 719 2393 “Tibi
751 2354 897 2392 talenta
933 2369 1076 2406 magna
1110 2355 1252 2406 viginti
1289 2362 1401 2406 pater
1435 2355 1518 2394 Det
1546 2356 1687 2395 dotis?

151 2430 270 2469 Cure.
289 2429 352 2469 64.
406 2429 556 2467 “Alias
573 2442 637 2468 me
656 2428 785 2480 poscit
800 2428 967 2479 triginta
983 2428 1254 2474 minas,'Alias
1271 2427 1453 2466 talentum
1471 2432 1686 2481 magnum-'¹

156 2505 328 2543 Mostell.
346 2504 437 2545 623.
465 2506 537 2543 &c.

232 2628 301 2636 —
373 2594 614 2655 potesse]
678 2605 848 2657 Antiqu.
880 2618 954 2656 pro
980 2619 1103 2657 posse.
1156 2605 1323 2643 Confert
1357 2604 1506 2644 Noster
1538 2605 1683 2653 ΗΑΒΕ,

156 2683 275 2735 Epid.
302 2683 357 2721 11.
384 2695 432 2721 n.
456 2688 518 2722 43.
547 2682 660 2734 [220.
681 2683 755 2735 Β.]
810 2683 904 2721 “At
921 2683 1097 2722 tributus
1124 2696 1245 2733 quom
1272 2682 1491 2734 imperatus
1512 2691 1584 2731 est,
1613 2699 1683 2725 ne-

153 2766 250 2810 gant
276 2759 399 2810 pendi
426 2761 607 2810 potesse?
