1864 3152
600 250 669 291 IN
703 247 1162 291 AULULARIAM.
1552 245 1641 301 137

107 383 169 435 pit
191 381 469 421 conditionem?
522 379 653 418 Multa
672 378 749 418 alia
776 377 957 429 exempla
984 376 1154 416 contulit
1182 375 1295 415 Pin:
1321 374 1366 413 in
1393 373 1491 412 Lex.
1514 373 1642 413 Plaut-

106 457 327 510 Usurpavit
350 458 469 496 etiam
501 457 646 495 Noster
670 454 723 493 de
746 454 947 492 amoribus
973 452 1221 497 meretriciis,
1253 450 1340 489 Mil.
1358 454 1446 497 944.
1500 454 1527 472 “
1540 448 1640 488 Con-

102 532 200 571 ditio
227 546 331 571 nova
356 531 592 571 luculenta.”
646 529 732 582 (An
759 527 1034 580 assignation.)

178 633 264 673 195.
332 619 513 680 Duas]
583 627 677 666 Des.
733 627 865 679 Supra
883 633 947 666 23.

174 732 261 773 198.
325 718 487 781 Fiat]
545 722 606 764 So
628 724 676 764 be
708 724 757 763 it.
828 726 890 764 Ita
916 726 1156 778 plerumque
1187 724 1343 768 Noster,
1376 723 1448 762 ubi
1470 723 1637 761 fortasse

82 806 272 857 sucturum
302 805 612 857 exspectaveris.
667 803 856 855 Exempli
887 803 974 842 loco
1003 803 1081 842 erit
1112 802 1258 841 Pseud.
1290 807 1378 841 554.
1433 801 1511 839 “S.
1533 800 1640 839 Fiat.

100 881 146 919 C.
169 881 339 920 Ger-atur
365 894 451 918 mos
478 880 589 918 tibi.''
642 879 727 917 Pro
740 880 832 930 fiet,
865 885 906 917 et
933 883 1103 930 geretur.
1159 877 1239 916 Sed
1266 876 1373 915 Vide
1405 876 1519 914 Infra
1545 880 1636 921 219.

100 955 143 993 in
171 955 286 993 Nott.
315 954 429 992 Critt.

173 1064 263 1098 200·
332 1051 630 1115 confodere]
697 1061 804 1100 Vide
823 1061 865 1099 in
887 1061 999 1099 Nott.
1054 1059 1253 1098 Caeterum
1281 1059 1404 1111 hujus
1430 1065 1634 1097 construc-

100 1142 231 1188 fionis,
261 1150 464 1193 utcunque
490 1142 657 1187 usitatae,
676 1155 726 1181 ne
754 1142 844 1193 quis
870 1140 1036 1193 posthac
1067 1140 1109 1177 in
1136 1154 1182 1178 ea
1201 1139 1362 1184 haereat,
1389 1152 1521 1190 operae
1541 1151 1632 1189 pre-

97 1217 199 1255 tium
232 1216 309 1255 erit
342 1216 521 1268 exempla
551 1216 734 1267 quaedam
763 1215 890 1274 *semel
926 1215 1123 1254 conferre:
1166 1221 1207 1252 et
1241 1227 1289 1252 ex
1324 1226 1406 1251 uno
1441 1212 1629 1264 Virgilio,

99 1294 168 1342 (ne
195 1292 354 1343 longius
388 1292 596 1343 peterem,)
631 1299 678 1329 ut
705 1291 973 1330 amantissimo
1007 1290 1228 1334 vetustatis,
1259 1287 1453 1326 sumenda
1487 1287 1633 1326 censui.

102 1370 191 1408 AEn.
210 1369 267 1407 ΙΙ.
296 1369 427 1409 185-6.
482 1374 509 1392 “
520 1370 637 1409 Hanc
665 1377 799 1409 tamen
825 1370 1057 1408 immensam
1089 1368 1253 1408 Calchas
1274 1367 1456 1406 adtollere
1477 1367 1635 1412 molem,

103 1443 324 1482 Roboribus
353 1444 484 1489 textis,
522 1444 701 1496 coeloque
740 1444 911 1490 educere,
940 1443 1103 1496 jussit.''
1169 1443 1269 1494 (Bid
1306 1443 1403 1481 them
1432 1442 1576 1481 raise..
1590 1444 1627 1494 .)

99 1516 190 1555 AEn.
208 1507 292 1555 111.
315 1523 403 1561 472.
457 1517 671 1556 “Classem
694 1517 793 1556 velis
818 1523 955 1569 aptare
974 1517 1178 1569 jubebat.”
1234 1516 1334 1566 (Bid
1352 1516 1449 1554 them
1468 1516 1513 1554 fit
1529 1501 1631 1566 out.)

100 1593 191 1632 AEn.
219 1593 268 1630 V.
295 1598 383 1633 385.
451 1593 640 1632 “Ducere
669 1593 774 1631 dona
789 1592 924 1645 jube.”
990 1593 1088 1642 (Bid
1118 1593 1215 1630 them
1241 1591 1392 1642 bring.)
1448 1591 1509 1629 Ib.
1543 1596 1631 1635 773.

100 1667 460 1719 “Tempestatibus
489 1681 634 1719 agnam
668 1667 825 1706 Coedere
858 1666 1003 1705 deinde
1026 1665 1155 1719 jubet,
1205 1665 1380 1717 solvique
1411 1678 1461 1703 ex
1492 1665 1631 1703 ordine

99 1742 273 1780 funem.”
344 1741 425 1780 Ubi
463 1741 623 1792 gemina
658 1748 718 1779 est
757 1740 1010 1778 constructio.
1067 1739 1133 1777 Ita
1161 1738 1315 1783 Graece,
1344 1737 1466 1775 Hom.
1500 1738 1562 1775 11..
1596 1737 1628 1774 Ι.

101 1822 190 1860 347.
244 1816 389 1854 “ch
416 1814 444 1852 δ’
474 1814 628 1863 &yetus
653 1829 728 1866 pro
754 1815 927 1862 ἄγεσθαι.

115 1942 120 1948 -
171 1923 262 1957 201.
332 1911 545 1960 Fastidit
577 1913 713 1973 mei.]
782 1919 861 1958 sic.
881 1919 1005 1958 Stich.
1024 1925 1113 1960 311.
1159 1918 1316 1957 “Mein·
1330 1917 1513 1970 fastidis,
1535 1931 1628 1969 pro-

98 2001 266 2054 pudiose
278 2003 320 2039 ?''
384 2000 511 2039 Lucil.
550 2000 629 2038 Sat.
672 1999 761 2037 Lib.
790 1999 889 2037 VII.
936 2000 1075 2050 (quem
1116 1999 1212 2037 citat
1244 1998 1381 2036 Lam.
1424 2011 1473 2036 ex
1506 1997 1627 2035 Non:

99 2078 196 2129 Cap.
223 2090 279 2114 ix.
305 2077 360 2127 3.)
419 2081 446 2097 “
457 2074 622 2119 Tristes,
661 2073 839 2112 difficiles
870 2075 1012 2119 sumu',
1028 2073 1254 2124 fastidimu'
1281 2072 1493 2111 bonorum?

171 2180 261 2214 204.
330 2165 646 2231 Congrediri.]
714 2174 794 2212 Pro
813 2175 923 2225 vulg.
950 2173 1139 2226 congredi.
1177 2173 1244 2212 Sic
1264 2174 1377 2212 Asin.
1398 2178 1483 2212 105.
1520 2172 1626 2210 Rud.

99 2261 190 2299 578.
215 2260 303 2301 589.
357 2252 514 2298 Μονίνὶ,
540 2266 615 2304 pro
644 2252 750 2290 mori.
803 2253 881 2292 Ov.
910 2253 1009 2291 Met.
1037 2252 1155 2290 XIV.
1192 2258 1281 2291 215.
1336 2251 1627 2302 “Martemque

97 2329 254 2374 timens,
288 2327 540 2379 cupidusque
569 2325 738 2365 mor-iris·

168 2431 283 2474 205-
325 2418 525 2480 Periit]
593 2424 642 2464 Is
672 2423 767 2489 ιοες.
837 2425 948 2464 Men.
970 2431 1056 2464 123.
1084 2425 1133 2463 G.
1153 2424 1266 2462 Infra
1283 2429 1372 2470 292.
1388 2428 1478 2470 298·
1505 2424 1625 2463 Adde

99 2510 194 2549 Juv.
227 2507 309 2546 Sat.
340 2506 422 2545 111.
461 2511 547 2546 124.
602 2505 846 2543 “Perierunt
881 2513 1060 2557 tempora
1088 2504 1203 2563 >longi
1235 2503 1428 2542 Servitii.”
1484 2503 1623 2556 (Have

99 2584 152 2622 all
170 2596 274 2635 gone
295 2584 358 2621 for
383 2581 584 2632 nothing.)
641 2580 739 2618 Plin.
760 2581 887 2632 Epist.
905 2581 995 2619 Lib.
1015 2579 1095 2618 111.
1117 2586 1151 2619 5.
1208 2579 1348 2617 “Nam
1362 2577 1493 2631 perire
1510 2591 1627 2617 omne

98 2666 258 2709 tempus
284 2656 561 2700 arbitrabatur,
594 2654 702 2705 quod
731 2654 872 2693 studiis
900 2668 980 2693 non
1002 2653 1307 2705 impertiretur.”
1361 2651 1625 2702 (Considered

99 2745 141 2769 as
171 2730 330 2768 thrown
352 2731 494 2780 away.)

212 2829 255 2862 18
