1864 3152
734 439 1048 500 INDEX

340 610 610 643 VERBORUM
644 611 706 642 ET
740 611 991 644 PHRASIUM
1028 614 1432 649 MEMORABQIUM.

99 996 137 1034 A
157 1008 231 1033 κε.
289 995 322 1033 Α
341 1009 421 1034 mea
447 996 562 1034 domo.
590 996 678 1036 526.

99 1071 135 1108 A
157 1070 325 1122 pecunia
343 1070 448 1109 haud
468 1073 653 1123 perbene.
686 1078 770 1111 143.

100 1143 165 1180 Ab
183 1142 302 1179 asinis
320 1141 371 1180 ad
388 1143 521 1181 boves.
552 1149 636 1190 192.

99 1215 196 1261 Abi,
226 1216 337 1254 here!
368 1221 456 1260 781.

100 1290 180 1328 Abi
198 1290 240 1327 in
258 1290 406 1328 malum
425 1291 655 1329 cruciatum.
683 1296 771 1330 413.

100 1365 179 1402 Abi
197 1372 242 1403 tu
261 1365 389 1403 modo.
418 1371 506 1404 413.

99 1437 219 1475 Abin’
238 1436 344 1483 hinc,
362 1450 413 1474 an
430 1450 509 1476 non
523 1441 540 1476 ?
569 1437 657 1477 614.

100 1511 186 1548 Abs
203 1517 254 1548 te.
308 1510 388 1548 Pro
406 1510 476 1549 abe
494 1517 560 1550 lua
579 1512 695 1550 domo.
723 1518 811 1558 295.

101 1585 187 1622 Abs
217 1591 257 1622 te
281 1591 403 1635 atque
427 1586 498 1623 abs
528 1586 608 1624 tuis
635 1587 854 1625 innoxium.

207 1663 291 1701 178.

100 1732 326 1771 Absolutus.
354 1739 442 1777 471.
471 1739 559 1778 474.

99 1808 331 1847 Abstinebit
347 1809 530 1847 censione
550 1811 713 1850 bubula.
742 1817 829 1851 555.

100 1880 346 1920 Abstrudam
365 1884 501 1934 probe.
529 1889 617 1923 538.

101 1955 334 1994 Abstuleras
351 1957 437 1995 tibi.
465 1962 553 2003 589.

101 2032 281 2070 Accessit
289 2032 444 2070 animus
453 2032 753 2072 adsententiam.
767 2040 855 2079 337.

102 2103 308 2154 Accipiam
325 2104 478 2142 miseris
495 2105 635 2143 modis.
664 2111 752 2146 584.

102 2174 272 2219 Accolae,
305 2175 455 2214 ineolae.
485 2176 573 2215 360.

101 2247 182 2286 Ad.
214 2248 282 2298 (In
302 2247 442 2300 belmff
457 2249 530 2300 qfi)
558 2255 646 2290 451.

103 2321 169 2360 Ad
184 2335 266 2360 nos.
288 2321 370 2371 (To
379 2335 450 2360 our
460 2322 606 2374 house.)
633 2328 723 2363 284.
743 2330 830 2364 288.

103 2395 169 2432 Ad
188 2395 353 2434 salutem
372 2396 555 2435 retinere.
583 2402 670 2443 549.

103 2467 170 2506 Ad
188 2481 320 2507 senem
338 2469 638 2520 parcissumum.
665 2477 753 2519 289.

104 2542 291 2582 Adaxint.
322 2549 383 2583 11.

104 2616 275 2655 Addidit
292 2618 508 2658 custodem.
539 2625 626 2659 511.

104 2688 230 2727 Adeo.
256 2688 345 2729 600.

106 2761 288 2802 Adesoes.
342 2763 420 2802 Pro
436 2763 642 2804 adstasses.
669 2769 757 2812 393.

924 998 1199 1049 Adglutinant.
1230 1007 1316 1044 758.

924 1072 1018 1109 Adii
1038 1087 1209 1112 manum.
1239 1081 1326 1115 332.

926 1145 1100 1185 Admisit
1118 1148 1273 1199 culpam
1294 1150 1336 1187 in
1354 1164 1405 1189 se.
1435 1157 1522 1195 747.

921 1218 1097 1259 Adorna.
1153 1222 1380 1276 (Pr-epure.)
1414 1231 1497 1264 114.

923 1294 1119 1333 Advento.
1156 1302 1239 1335 103.

927 1369 1181 1409 Adulescens.
1209 1370 1298 1417 692.

925 1443 1044 1482 AEdes
1062 1445 1225 1484 auferat.
1253 1452 1314 1485 43.

925 1517 1074 1568 AEquos
1092 1519 1258 1557 animus.
1289 1525 1373 1558 144.

924 1590 1094 1629 Affectat
1108 1605 1194 1630 eam
1215 1592 1330 1630 viam.
1358 1598 1445 1632 530.

924 1661 1107 1699 Affinem.
1135 1667 1223 1707 491.

923 1734 1063 1772 Affinis
1081 1748 1204 1773 meus.
1232 1741 1319 1779 427.

922 1809 1168 1847 Affinitatem
1184 1810 1287 1849 hanc
1305 1811 1530 1849 obstinavit.
1561 1816 1651 1851 223.

923 1881 1112 1921 Afflictas.
1142 1883 1229 1923 586.

925 1956 1032 2006 Agat
1048 1956 1227 2007 pulcram
1246 1958 1435 2009 praedam.
1464 1958 1551 1998 564.

923 2028 1124 2079 Agedum.
1152 2030 1240 2069 600.

923 2102 1126 2152 Agninam
1146 2116 1286 2141 caram.
1315 2109 1403 2143 328.

925 2177 1068 2226 Agnus
1086 2178 1208 2215 curio.
1237 2183 1323 2217 518.

925 2252 1027 2303 Agri
1038 2265 1117 2290 non
1132 2267 1321 2305 magnum
1331 2255 1506 2294 modum.
1525 2255 1571 2293 P.
1593 2261 1654 2295 13.

926 2327 1017 2365 Ain'
1035 2327 1207 2373 tandem,
1226 2329 1282 2366 ita
1298 2331 1408 2367 esse?
1438 2334 1525 2368 254.

926 2399 1114 2438 Alienum
1132 2414 1383 2452 quemquam.
1415 2407 1476 2440 51.

928 2473 1195 2512 Aliovorsum.
1223 2480 1310 2513 243.

926 2549 1156 2600 Aliquanto.
1184 2554 1271 2595 494.

926 2623 1078 2674 Aliqui.
1130 2623 1269 2675 Aliqua
1290 2636 1342 2661 re.
1372 2623 1417 2661 P.
1435 2629 1498 2662 24.

925 2696 1094 2747 Aliquid
1112 2696 1204 2734 boni
1224 2696 1364 2735 dicam.
1392 2695 1481 2735 625.

927 2767 1065 2806 Altera
1082 2780 1201 2805 manu
1220 2768 1297 2806 fert
1315 2767 1499 2819 lapidem.
1531 2773 1615 2807 152.
