1864 3152
618 249 687 291 IN
720 246 1157 291 MENAECHMOS.
1555 242 1642 298 197

126 385 278 416 mutata
311 378 481 429 aspirata
516 379 558 418 in
593 384 767 423 tenuem,
804 375 983 424 Πιλητής,
1017 389 1109 428 quae
1136 373 1274 427 furem
1308 371 1515 424 signifieat.
1568 369 1647 409 Sed

130 453 222 491 vide
247 453 289 491 in
314 452 480 505 empna,
510 452 643 505 Supra
657 451 747 491 460.

206 562 293 602 643.
358 556 603 618 Fabulor.]
651 564 732 602 Pro
749 563 845 610 dico,
863 564 1009 616 passim
1026 564 1134 616 apud
1153 564 1356 602 Nostrum.
1410 561 1501 599 Hoc
1517 566 1648 598 autem

132 644 255 681 verbo
282 643 444 682 fortasse
471 656 540 681 usa
566 650 625 681 est
653 642 812 689 Mulier,
840 643 890 680 ob
917 656 1055 681 vocem
1081 640 1263 694 fabulas,
1292 640 1424 692 Supra
1440 638 1528 678 626.

207 748 295 792 647-
360 738 570 803 simitu]
633 751 742 790 vett.
769 764 844 803 pro
871 749 994 788 simul.
1057 748 1205 801 Amph.
1234 747 1320 791 476.
1391 747 1524 785 “Cum
1559 745 1653 784 vino

133 828 261 867 simitu
280 828 386 867 ebibi
403 828 616 880 imperium
633 830 780 866 tuom.”
832 827 955 866 Merc.
976 833 1061 871 117.
1116 826 1248 864 “Tres
1265 824 1392 863 simitu
1410 837 1473 863 res
1490 823 1653 875 agendae

136 904 265 941 sunt.”
318 902 439 941 Stich.
458 907 546 942 228.
601 901 691 940 “Ut
707 914 863 940 mecum
880 900 1007 939 simitu
1025 901 1139 939 ires.”
1192 899 1295 938 Ibid.
1315 904 1403 943 370.
1423 904 1510 942 704.
1530 899 1601 937 διο.

208 1011 298 1050 650.
360 1005 574 1067 Calcha]
630 1014 707 1051 Pro
736 1012 956 1058 Calchante,
982 1011 1091 1063 quod
1114 1011 1233 1050 habet
1250 1011 1362 1062 virg.
1382 1010 1472 1048 AEn.
1491 1010 1547 1048 11.
1569 1015 1654 1049 100.

136 1093 309 1131 “Donec
338 1091 545 1131 Calchante
570 1092 784 1129 ministro-'³
837 1091 891 1129 Et
917 1104 955 1128 v.
976 1096 1062 1129 122.
1091 1088 1375 1128 “Calchanta.”
1404 1091 1474 1128 &c.

211 1194 300 1234 655.
362 1189 476 1251 Ut.]
531 1199 622 1237 Hoc
652 1212 768 1237 sensu
799 1198 909 1236 Infra
941 1203 1028 1241 847.
1082 1198 1135 1235 Et
1161 1197 1251 1235 Ter.
1281 1197 1426 1236 Heaut.
1454 1197 1490 1237 1.
1519 1210 1566 1236 11.
1594 1203 1655 1238 38.

140 1276 223 1315 “Ut
250 1284 406 1329 tempus
432 1284 493 1315 est
518 1276 609 1323 diei,
636 1290 686 1315 ne
713 1291 794 1328 quo
819 1277 913 1315 hinc
938 1278 1055 1315 abeas
1081 1276 1272 1327 longius?

222 1411 291 1421 —
360 1381 493 1429 Usus
517 1380 640 1430 facto
662 1381 770 1443 est.]
830 1386 971 1427 There
993 1387 1032 1426 is
1059 1386 1254 1426 occasion
1271 1385 1351 1440 sor
1372 1386 1422 1426 it.
1490 1389 1660 1428 Locutio

140 1467 326 1518 frequens
352 1458 460 1518 apud
483 1467 675 1512 Comicos,
702 1468 899 1519 aliosque:
937 1475 977 1506 et
1005 1460 1110 1506 §alet
1134 1467 1188 1505 id.
1217 1481 1283 1519 qu.
1310 1467 1439 1519 simpl.
1466 1450 1575 1507 usus-
1593 1474 1660 1508 est.

142 1541 235 1580 Ter.
255 1541 401 1580 Heaut-
423 1542 454 1579 1.
474 1554 502 1579 1.
520 1547 582 1581 28.
637 1542 779 1580 “Mihi
797 1542 853 1581 sic
871 1548 925 1580 est
944 1556 1047 1580 usus.
1102 1543 1179 1581 Cn.
1207 1543 1273 1580 An
1291 1542 1477 1594 cuiquam
1495 1548 1550 1581 est
1568 1558 1663 1583 usus

143 1630 183 1655 se
210 1623 257 1654 ut
283 1615 431 1655 cruciet
441 1617 483 1654 ?''
526 1616 699 1668 Adelph.
721 1616 799 1654 ΙΙΙ.
819 1629 886 1654 111.
906 1622 967 1660 75.
1022 1616 1205 1655 “Moneo
1222 1616 1320 1668 quid
1332 1616 1449 1669 facto
1466 1631 1559 1656 usus
1577 1619 1663 1657 sit.''

146 1692 244 1730 Hec.
275 1691 354 1729 111.
382 1703 410 1728 1.
435 1696 496 1734 47.
550 1692 676 1729 “Non
702 1705 793 1729 usus
804 1690 923 1742 facto
948 1696 1001 1729 est
1028 1690 1127 1729 mihi
1153 1690 1260 1730 hunc
1286 1691 1391 1730 intro
1417 1693 1564 1744 sequi.”
1590 1695 1662 1737 &a

145 1765 243 1804 Caes.
262 1765 307 1803 B.
326 1764 376 1802 G.
395 1764 470 1803 IV.
489 1771 525 1804 2.
580 1765 679 1804 “Ad
700 1779 800 1817 quos
818 1779 859 1804 se
880 1765 1070 1811 celeriter,
1090 1779 1215 1817 quum
1236 1780 1328 1804 usus
1346 1773 1413 1813 est,
1432 1768 1664 1821 recipiunt.”

217 1876 306 1916 658.
368 1871 672 1932 pernicitas]
726 1875 930 1930 Activity.
987 1880 1149 1925 Pernix,
1176 1894 1199 1918 a
1222 1894 1293 1932 per
1318 1887 1359 1918 et
1385 1880 1496 1926 nitor,
1525 1880 1658 1919 nixus:

228 2013 295 2020 —
367 1982 633 2045 consitus]
692 1989 848 2037 Beeet;
881 2002 1142 2043 overgwwn.
1191 1994 1425 2039 Translatio,
1443 1994 1499 2032 ait
1514 1994 1662 2033 Lam:

146 2074 197 2112 ab
223 2071 328 2124 agris
354 2072 501 2111 semine
527 2072 661 2123 aliquo
686 2071 850 2111 consitis.
904 2071 958 2110 Et
984 2072 1079 2110 citat
1097 2072 1217 2110 Lucr.
1234 2073 1323 2111 Lib.
1341 2073 1398 2111 11.
1414 2078 1503 2112 211.
1557 2073 1665 2112 “Sol

146 2147 297 2186 lumine
322 2146 482 2185 muserit
508 2148 638 2185 arva-'²
689 2145 833 2184 Catull.
860 2145 1038 2197 Epithal.
1065 2145 1150 2185 Pel.
1175 2153 1216 2184 et
1242 2146 1361 2185 Thes.
1378 2152 1467 2191 207.
1521 2148 1669 2186 “0aeoe

147 2229 320 2262 mentem
347 2221 515 2272 caligine
541 2221 718 2260 Theseus
748 2221 950 2259 consitus?
1005 2221 1208 2259 Tamtu:
1245 2222 1410 2267 confert,
1439 2222 1531 2260 Ter.
1557 2223 1667 2261 Eun.

149 2298 207 2337 11.
234 2311 281 2336 11.
310 2303 346 2338 5.
400 2297 555 2335 “Annis
580 2296 774 2336 obsitum?¹
827 2296 880 2335 Et
903 2296 1017 2347 Virg.
1040 2295 1132 2335 AEn.
1158 2296 1278 2335 VIII.
1307 2302 1396 2341 307.
1448 2298 1571 2337 “Ibat
1595 2312 1666 2337 rex

148 2372 290 2413 obsitus
316 2372 426 2411 oevo.”

223 2480 312 2520 660.
373 2477 508 2523 AEtas
540 2474 700 2535 mala]
753 2483 882 2522 Docet
907 2484 1053 2523 Lnus:
1086 2498 1136 2524 ex
1163 2485 1304 2530 Ennio,
1332 2485 1495 2524 Veteres
1520 2490 1667 2524 oetatem

153 2563 290 2603 malam
319 2562 463 2602 dixisse
491 2567 724 2601 senectutem.
778 2562 858 2601 Sed
885 2562 978 2601 vide
1005 2576 1056 2602 an
1085 2564 1163 2602 alio
1192 2577 1310 2602 sensu
1337 2564 1483 2603 Noster
1508 2566 1602 2604 Aul.
1627 2571 1667 2605 4.

154 2638 250 2678 “Ut
274 2644 315 2677 te
339 2636 514 2688 dignam,
539 2636 654 2683 mah,
681 2636 818 2675 malam
842 2641 990 2676 oetatem
1015 2637 1185 2688 exigas?

240 2765 307 2773 —
380 2733 523 2783 Merx
541 2733 702 2796 mala]
736 2737 775 2779 A
788 2739 1001 2780 wretched
1014 2740 1135 2793 piece
1151 2739 1364 2794 osgood⁸5
1386 2754 1507 2795 sorry
1520 2755 1666 2799 carga.

155 2816 252 2854 Cist.
269 2819 357 2855 454.
409 2814 555 2854 “Mala
572 2828 678 2853 ner:
699 2822 741 2854 et
762 2815 903 2854 callida
919 2816 1012 2854 est?
1063 2816 1167 2866 (Nos
1188 2815 1371 2864 dicimus,
1396 2830 1421 2855 a
1443 2816 1666 2870 baggagen
