<?xml version="1.0" encoding="UTF-8"?>
<!DOCTYPE html PUBLIC "-//W3C//DTD XHTML 1.0 Transitional//EN"
    "http://www.w3.org/TR/xhtml1/DTD/xhtml1-transitional.dtd">
<html xmlns="http://www.w3.org/1999/xhtml" xml:lang="en" lang="en">
 <head>
  <title>
</title>
<meta http-equiv="Content-Type" content="text/html;charset=utf-8" />
  <meta name='ocr-system' content='tesseract 3.04.00' />
  <meta name='ocr-capabilities' content='ocr_page ocr_carea ocr_par ocr_line ocrx_word'/>
</head>
<body>
  <div class='ocr_page' id='page_1' title='image "./captivitrinummus00plauuoft_0414.png"; bbox 0 0 1864 3152; ppageno 0'>
   <div class='ocr_carea' id='block_1_1' title="bbox 206 244 1173 290">
    <p class='ocr_par' dir='ltr' id='par_1_1' title="bbox 206 244 1173 290">
     <span class='ocr_line' id='line_1_1' title="bbox 206 244 1173 290; baseline 0.002 -4"><span class='ocrx_word' id='word_1_1' title='bbox 206 244 293 287; x_wconf 80' lang='lat'>142</span> <span class='ocrx_word' id='word_1_2' title='bbox 758 245 1173 290; x_wconf 86' lang='lat' dir='ltr'>GLOSSARIUM</span> 
     </span>
    </p>
   </div>
   <div class='ocr_carea' id='block_1_2' title="bbox 268 371 1488 433">
    <p class='ocr_par' dir='ltr' id='par_1_2' title="bbox 268 371 1488 433">
     <span class='ocr_line' id='line_1_2' title="bbox 268 371 1488 433; baseline 0.004 -16"><span class='ocrx_word' id='word_1_3' title='bbox 268 376 358 418; x_wconf 79' lang='lat'><strong><em>265.</em></strong></span> <span class='ocrx_word' id='word_1_4' title='bbox 423 371 563 431; x_wconf 67' lang='lat' dir='ltr'>Qui]</span> <span class='ocrx_word' id='word_1_5' title='bbox 631 376 843 433; x_wconf 71' lang='lat' dir='ltr'>Whereby.</span> <span class='ocrx_word' id='word_1_6' title='bbox 908 383 1000 423; x_wconf 81' lang='lat' dir='ltr'>vet.</span> <span class='ocrx_word' id='word_1_7' title='bbox 1026 384 1102 424; x_wconf 76' lang='lat' dir='ltr'>abl.</span> <span class='ocrx_word' id='word_1_8' title='bbox 1160 383 1267 423; x_wconf 82' lang='lat' dir='ltr'>Men.</span> <span class='ocrx_word' id='word_1_9' title='bbox 1284 389 1373 430; x_wconf 76' lang='lat'>219-</span> <span class='ocrx_word' id='word_1_10' title='bbox 1401 389 1488 423; x_wconf 84' lang='lat'><strong>300.</strong></span> 
     </span>
    </p>
   </div>
   <div class='ocr_carea' id='block_1_3' title="bbox 273 495 1593 561">
    <p class='ocr_par' dir='ltr' id='par_1_3' title="bbox 273 495 1593 561">
     <span class='ocr_line' id='line_1_3' title="bbox 273 495 1593 561; baseline 0.005 -21"><span class='ocrx_word' id='word_1_11' title='bbox 273 500 364 541; x_wconf 81' lang='lat'><strong>266.</strong></span> <span class='ocrx_word' id='word_1_12' title='bbox 429 495 679 546; x_wconf 83' lang='lat' dir='ltr'>Utendam</span> <span class='ocrx_word' id='word_1_13' title='bbox 702 496 876 558; x_wconf 64' lang='lat' dir='ltr'>dabit]</span> <span class='ocrx_word' id='word_1_14' title='bbox 929 503 1037 546; x_wconf 81' lang='lat' dir='ltr'>Give</span> <span class='ocrx_word' id='word_1_15' title='bbox 1056 504 1128 546; x_wconf 78' lang='lat' dir='ltr'>the</span> <span class='ocrx_word' id='word_1_16' title='bbox 1147 505 1249 545; x_wconf 77' lang='lat' dir='ltr'>loon</span> <span class='ocrx_word' id='word_1_17' title='bbox 1269 504 1327 559; x_wconf 86' lang='lat' dir='ltr'>os.</span> <span class='ocrx_word' id='word_1_18' title='bbox 1383 509 1514 561; x_wconf 85' lang='lat' dir='ltr'>Supra</span> <span class='ocrx_word' id='word_1_19' title='bbox 1533 516 1593 554; x_wconf 85' lang='grc'>57.</span> 
     </span>
    </p>
   </div>
   <div class='ocr_carea' id='block_1_4' title="bbox 264 629 1723 693">
    <p class='ocr_par' dir='ltr' id='par_1_4' title="bbox 264 629 1723 693">
     <span class='ocr_line' id='line_1_4' title="bbox 264 629 1723 693; baseline 0.006 -18"><span class='ocrx_word' id='word_1_20' title='bbox 264 635 355 680; x_wconf 74' lang='grc'><strong>267.</strong></span> <span class='ocrx_word' id='word_1_21' title='bbox 420 629 657 693; x_wconf 63' lang='lat' dir='ltr'>pridem]</span> <span class='ocrx_word' id='word_1_22' title='bbox 720 635 815 678; x_wconf 78' lang='lat' dir='ltr'>The</span> <span class='ocrx_word' id='word_1_23' title='bbox 843 636 966 678; x_wconf 76' lang='lat' dir='ltr'>other</span> <span class='ocrx_word' id='word_1_24' title='bbox 991 637 1088 691; x_wconf 78' lang='lat' dir='ltr'>day.</span> <span class='ocrx_word' id='word_1_25' title='bbox 1144 641 1253 681; x_wconf 72' lang='lat' dir='ltr'>Infra</span> <span class='ocrx_word' id='word_1_26' title='bbox 1280 648 1369 687; x_wconf 78' lang='lat'>271.</span> <span class='ocrx_word' id='word_1_27' title='bbox 1428 644 1552 684; x_wconf 77' lang='lat' dir='ltr'>Haud</span> <span class='ocrx_word' id='word_1_28' title='bbox 1586 645 1723 684; x_wconf 79' lang='lat' dir='ltr'>multis</span> 
     </span>
    </p>
   </div>
   <div class='ocr_carea' id='block_1_5' title="bbox 189 719 1724 850">
    <p class='ocr_par' dir='ltr' id='par_1_5' title="bbox 189 719 1724 850">
     <span class='ocr_line' id='line_1_5' title="bbox 189 719 1724 781; baseline 0.003 -22"><span class='ocrx_word' id='word_1_29' title='bbox 189 719 335 759; x_wconf 77' lang='lat' dir='ltr'><strong>abhinc</strong></span> <span class='ocrx_word' id='word_1_30' title='bbox 353 720 508 760; x_wconf 86' lang='lat' dir='ltr'>diebus.</span> <span class='ocrx_word' id='word_1_31' title='bbox 563 720 810 781; x_wconf 45' lang='lat' dir='ltr'>Dicitur,·ait</span> <span class='ocrx_word' id='word_1_32' title='bbox 829 721 960 761; x_wconf 73' lang='lat' dir='ltr'>FAcc:</span> <span class='ocrx_word' id='word_1_33' title='bbox 989 722 1041 762; x_wconf 87' lang='lat' dir='ltr'>de</span> <span class='ocrx_word' id='word_1_34' title='bbox 1058 722 1237 775; x_wconf 83' lang='lat' dir='ltr'>longiore</span> <span class='ocrx_word' id='word_1_35' title='bbox 1254 731 1432 776; x_wconf 77' lang='lat' dir='ltr'>tempore</span> <span class='ocrx_word' id='word_1_36' title='bbox 1451 738 1571 777; x_wconf 89' lang='lat' dir='ltr'>quam</span> <span class='ocrx_word' id='word_1_37' title='bbox 1591 739 1724 779; x_wconf 79' lang='lat' dir='ltr'>nuper,</span> 
     </span>
     <span class='ocr_line' id='line_1_6' title="bbox 190 794 1130 850; baseline 0.001 -16"><span class='ocrx_word' id='word_1_38' title='bbox 190 800 233 834; x_wconf 89' lang='lat' dir='ltr'>et</span> <span class='ocrx_word' id='word_1_39' title='bbox 248 794 431 835; x_wconf 83' lang='lat' dir='ltr'>breviore</span> <span class='ocrx_word' id='word_1_40' title='bbox 450 808 570 847; x_wconf 83' lang='lat' dir='ltr'>quam</span> <span class='ocrx_word' id='word_1_41' title='bbox 577 795 810 848; x_wconf 76' lang='lat' dir='ltr'>jamdudum</span> <span class='ocrx_word' id='word_1_42' title='bbox 828 803 869 836; x_wconf 85' lang='lat' dir='ltr'>et</span> <span class='ocrx_word' id='word_1_43' title='bbox 877 797 1130 850; x_wconf 56' lang='lat' dir='ltr'>jampridem.</span> 
     </span>
    </p>
   </div>
   <div class='ocr_carea' id='block_1_6' title="bbox 160 917 1725 2105">
    <p class='ocr_par' dir='ltr' id='par_1_6' title="bbox 160 917 1725 2105">
     <span class='ocr_line' id='line_1_7' title="bbox 262 917 1724 984; baseline 0.006 -22"><span class='ocrx_word' id='word_1_44' title='bbox 262 922 353 963; x_wconf 77' lang='grc'><strong>268.</strong></span> <span class='ocrx_word' id='word_1_45' title='bbox 419 917 772 983; x_wconf 80' lang='lat' dir='ltr'>Praesegmina.]</span> <span class='ocrx_word' id='word_1_46' title='bbox 847 922 942 964; x_wconf 76' lang='lat' dir='ltr'>The</span> <span class='ocrx_word' id='word_1_47' title='bbox 971 925 1175 981; x_wconf 78' lang='lat' dir='ltr'>parings.</span> <span class='ocrx_word' id='word_1_48' title='bbox 1247 931 1446 984; x_wconf 86' lang='lat' dir='ltr'><strong>”Proprie</strong></span> <span class='ocrx_word' id='word_1_49' title='bbox 1481 931 1649 971; x_wconf 84' lang='lat' dir='ltr'>Plautus</span> <span class='ocrx_word' id='word_1_50' title='bbox 1684 932 1724 971; x_wconf 88' lang='lat' dir='ltr'>in</span> 
     </span>
     <span class='ocr_line' id='line_1_8' title="bbox 187 1005 1723 1061; baseline 0.002 -16"><span class='ocrx_word' id='word_1_51' title='bbox 187 1006 326 1046; x_wconf 79' lang='lat' dir='ltr'>Aulul.</span> <span class='ocrx_word' id='word_1_52' title='bbox 352 1020 399 1046; x_wconf 87' lang='lat' dir='ltr'>ea</span> <span class='ocrx_word' id='word_1_53' title='bbox 416 1005 495 1046; x_wconf 86' lang='lat' dir='ltr'>dici</span> <span class='ocrx_word' id='word_1_54' title='bbox 515 1006 655 1051; x_wconf 90' lang='lat' dir='ltr'>voluit,</span> <span class='ocrx_word' id='word_1_55' title='bbox 682 1019 773 1057; x_wconf 85' lang='lat' dir='ltr'>quae</span> <span class='ocrx_word' id='word_1_56' title='bbox 796 1006 1001 1056; x_wconf 80' lang='lat' dir='ltr'>unguibus</span> <span class='ocrx_word' id='word_1_57' title='bbox 1019 1006 1239 1047; x_wconf 83' lang='lat' dir='ltr'>imminutis</span> <span class='ocrx_word' id='word_1_58' title='bbox 1257 1018 1566 1061; x_wconf 82' lang='lat' dir='ltr'>praesecantur.‘·</span> <span class='ocrx_word' id='word_1_59' title='bbox 1622 1012 1723 1050; x_wconf 87' lang='lat' dir='ltr'>Non.</span> 
     </span>
     <span class='ocr_line' id='line_1_9' title="bbox 188 1081 1724 1135; baseline 0.002 -14"><span class='ocrx_word' id='word_1_60' title='bbox 188 1082 245 1121; x_wconf 87' lang='lat' dir='ltr'>M.</span> <span class='ocrx_word' id='word_1_61' title='bbox 271 1095 357 1135; x_wconf 87' lang='lat' dir='ltr'>cap.</span> <span class='ocrx_word' id='word_1_62' title='bbox 382 1095 426 1122; x_wconf 88' lang='lat' dir='ltr'>n.</span> <span class='ocrx_word' id='word_1_63' title='bbox 450 1081 539 1128; x_wconf 88' lang='lat'><strong>689.</strong></span> <span class='ocrx_word' id='word_1_64' title='bbox 591 1081 926 1134; x_wconf 73' lang='grc' dir='ltr'><strong><em>Ἀπονυχίσματα,</em></strong></span> <span class='ocrx_word' id='word_1_65' title='bbox 979 1081 1219 1122; x_wconf 80' lang='lat' dir='ltr'>”Dicuntur</span> <span class='ocrx_word' id='word_1_66' title='bbox 1243 1091 1376 1123; x_wconf 89' lang='lat' dir='ltr'>autem</span> <span class='ocrx_word' id='word_1_67' title='bbox 1412 1098 1491 1123; x_wconf 90' lang='lat' dir='ltr'>non</span> <span class='ocrx_word' id='word_1_68' title='bbox 1518 1085 1646 1124; x_wconf 88' lang='lat' dir='ltr'>solum</span> <span class='ocrx_word' id='word_1_69' title='bbox 1674 1086 1724 1125; x_wconf 84' lang='lat' dir='ltr'>de</span> 
     </span>
     <span class='ocr_line' id='line_1_10' title="bbox 185 1152 1723 1208; baseline 0.001 -15"><span class='ocrx_word' id='word_1_70' title='bbox 185 1153 404 1207; x_wconf 79' lang='lat' dir='ltr'>unguibus,</span> <span class='ocrx_word' id='word_1_71' title='bbox 434 1153 504 1193; x_wconf 88' lang='lat' dir='ltr'>sed</span> <span class='ocrx_word' id='word_1_72' title='bbox 522 1152 699 1191; x_wconf 87' lang='lat' dir='ltr'>omnium</span> <span class='ocrx_word' id='word_1_73' title='bbox 719 1166 853 1191; x_wconf 90' lang='lat' dir='ltr'>rerum</span> <span class='ocrx_word' id='word_1_74' title='bbox 871 1153 1090 1205; x_wconf 80' lang='lat' dir='ltr'>putamina,</span> <span class='ocrx_word' id='word_1_75' title='bbox 1117 1162 1164 1193; x_wconf 90' lang='lat' dir='ltr'>ut</span> <span class='ocrx_word' id='word_1_76' title='bbox 1181 1163 1274 1194; x_wconf 86' lang='lat' dir='ltr'>sunt</span> <span class='ocrx_word' id='word_1_77' title='bbox 1291 1169 1500 1208; x_wconf 84' lang='lat' dir='ltr'>pomorum</span> <span class='ocrx_word' id='word_1_78' title='bbox 1518 1158 1723 1197; x_wconf 85' lang='lat' dir='ltr'>cortices.“</span> 
     </span>
     <span class='ocr_line' id='line_1_11' title="bbox 185 1227 1724 1275; baseline 0.004 -8"><span class='ocrx_word' id='word_1_79' title='bbox 185 1228 292 1267; x_wconf 70' lang='lat' dir='ltr'>Con.</span> <span class='ocrx_word' id='word_1_80' title='bbox 320 1228 395 1266; x_wconf 81' lang='lat' dir='ltr'>Ms.</span> <span class='ocrx_word' id='word_1_81' title='bbox 450 1227 558 1266; x_wconf 83' lang='lat' dir='ltr'>Citat</span> <span class='ocrx_word' id='word_1_82' title='bbox 587 1227 732 1266; x_wconf 62' lang='lat' dir='ltr'>Lan:</span> <span class='ocrx_word' id='word_1_83' title='bbox 765 1227 867 1266; x_wconf 88' lang='lat' dir='ltr'>Hor.</span> <span class='ocrx_word' id='word_1_84' title='bbox 888 1228 938 1266; x_wconf 83' lang='lat' dir='ltr'>A.</span> <span class='ocrx_word' id='word_1_85' title='bbox 967 1228 1009 1266; x_wconf 88' lang='grc' dir='ltr'>Ρ.</span> <span class='ocrx_word' id='word_1_86' title='bbox 1037 1234 1126 1275; x_wconf 76' lang='grc'><strong>294.</strong></span> <span class='ocrx_word' id='word_1_87' title='bbox 1182 1236 1207 1253; x_wconf 84' lang='grc'><strong>“</strong></span> <span class='ocrx_word' id='word_1_88' title='bbox 1224 1231 1456 1270; x_wconf 73' lang='lat' dir='ltr'>Praeseceum</span> <span class='ocrx_word' id='word_1_89' title='bbox 1484 1232 1617 1272; x_wconf 85' lang='lat' dir='ltr'>decies</span> <span class='ocrx_word' id='word_1_90' title='bbox 1644 1247 1724 1272; x_wconf 88' lang='lat' dir='ltr'>non</span> 
     </span>
     <span class='ocr_line' id='line_1_12' title="bbox 185 1301 1723 1362; baseline 0.003 -18"><span class='ocrx_word' id='word_1_91' title='bbox 185 1303 394 1355; x_wconf 75' lang='lat' dir='ltr'>castigavit</span> <span class='ocrx_word' id='word_1_92' title='bbox 414 1303 466 1342; x_wconf 87' lang='lat' dir='ltr'>ad</span> <span class='ocrx_word' id='word_1_93' title='bbox 485 1316 663 1354; x_wconf 83' lang='lat' dir='ltr'>unguem</span> <span class='ocrx_word' id='word_1_94' title='bbox 674 1304 713 1350; x_wconf 85' lang='lat'>;&#39;&#39;</span> <span class='ocrx_word' id='word_1_95' title='bbox 741 1301 858 1355; x_wconf 82' lang='lat' dir='ltr'>[quae</span> <span class='ocrx_word' id='word_1_96' title='bbox 880 1310 942 1342; x_wconf 84' lang='lat' dir='ltr'>est</span> <span class='ocrx_word' id='word_1_97' title='bbox 969 1304 1137 1344; x_wconf 85' lang='lat' dir='ltr'>Bentleii</span> <span class='ocrx_word' id='word_1_98' title='bbox 1158 1307 1325 1358; x_wconf 82' lang='lat' dir='ltr'>probata</span> <span class='ocrx_word' id='word_1_99' title='bbox 1348 1306 1490 1353; x_wconf 87' lang='lat' dir='ltr'>lectio;</span> <span class='ocrx_word' id='word_1_100' title='bbox 1518 1308 1611 1348; x_wconf 85' lang='lat' dir='ltr'>licet</span> <span class='ocrx_word' id='word_1_101' title='bbox 1633 1322 1723 1362; x_wconf 81' lang='lat' dir='ltr'>per·</span> 
     </span>
     <span class='ocr_line' id='line_1_13' title="bbox 172 1376 1725 1435; baseline 0.004 -19"><span class='ocrx_word' id='word_1_102' title='bbox 172 1376 328 1430; x_wconf 78' lang='lat' dir='ltr'>fectum</span> <span class='ocrx_word' id='word_1_103' title='bbox 350 1377 522 1417; x_wconf 88' lang='lat' dir='ltr'>habeant</span> <span class='ocrx_word' id='word_1_104' title='bbox 541 1377 749 1423; x_wconf 87' lang='lat' dir='ltr'>editiones,</span> <span class='ocrx_word' id='word_1_105' title='bbox 770 1387 811 1417; x_wconf 90' lang='lat' dir='ltr'>et</span> <span class='ocrx_word' id='word_1_106' title='bbox 828 1378 953 1430; x_wconf 84' lang='lat' dir='ltr'>major</span> <span class='ocrx_word' id='word_1_107' title='bbox 972 1392 1065 1431; x_wconf 89' lang='lat' dir='ltr'>pars</span> <span class='ocrx_word' id='word_1_108' title='bbox 1085 1381 1416 1420; x_wconf 84' lang='lat' dir='ltr'>membranarum.</span> <span class='ocrx_word' id='word_1_109' title='bbox 1460 1382 1513 1421; x_wconf 87' lang='lat' dir='ltr'>Et</span> <span class='ocrx_word' id='word_1_110' title='bbox 1533 1382 1636 1422; x_wconf 86' lang='lat' dir='ltr'>hanc</span> <span class='ocrx_word' id='word_1_111' title='bbox 1651 1395 1725 1435; x_wconf 88' lang='lat' dir='ltr'>po-</span> 
     </span>
     <span class='ocr_line' id='line_1_14' title="bbox 183 1451 1725 1509; baseline 0.004 -19"><span class='ocrx_word' id='word_1_112' title='bbox 183 1451 325 1491; x_wconf 89' lang='lat' dir='ltr'>tiorem</span> <span class='ocrx_word' id='word_1_113' title='bbox 360 1465 445 1491; x_wconf 84' lang='lat' dir='ltr'>esse</span> <span class='ocrx_word' id='word_1_114' title='bbox 480 1451 704 1499; x_wconf 88' lang='lat' dir='ltr'>lectionem,</span> <span class='ocrx_word' id='word_1_115' title='bbox 743 1453 860 1505; x_wconf 88' lang='lat' dir='ltr'>(pace</span> <span class='ocrx_word' id='word_1_116' title='bbox 889 1453 1033 1492; x_wconf 90' lang='lat' dir='ltr'>summi</span> <span class='ocrx_word' id='word_1_117' title='bbox 1063 1454 1235 1494; x_wconf 81' lang='lat' dir='ltr'>auctoris</span> <span class='ocrx_word' id='word_1_118' title='bbox 1263 1454 1467 1508; x_wconf 88' lang='lat' dir='ltr'>dixerim,)</span> <span class='ocrx_word' id='word_1_119' title='bbox 1493 1455 1592 1495; x_wconf 86' lang='lat' dir='ltr'>mihi</span> <span class='ocrx_word' id='word_1_120' title='bbox 1622 1470 1725 1509; x_wconf 87' lang='lat' dir='ltr'>pene</span> 
     </span>
     <span class='ocr_line' id='line_1_15' title="bbox 160 1528 1721 1583; baseline 0.003 -16"><span class='ocrx_word' id='word_1_121' title='bbox 160 1538 165 1544; x_wconf 90' lang='grc'><em>“</em></span> <span class='ocrx_word' id='word_1_122' title='bbox 183 1528 416 1581; x_wconf 75' lang='lat' dir='ltr'>persuadeo·</span> <span class='ocrx_word' id='word_1_123' title='bbox 471 1528 588 1576; x_wconf 86' lang='lat' dir='ltr'>Nam,</span> <span class='ocrx_word' id='word_1_124' title='bbox 617 1542 709 1569; x_wconf 91' lang='lat' dir='ltr'>cum</span> <span class='ocrx_word' id='word_1_125' title='bbox 724 1529 937 1582; x_wconf 76' lang='lat' dir='ltr'>posteriore</span> <span class='ocrx_word' id='word_1_126' title='bbox 952 1531 1150 1582; x_wconf 79' lang='lat' dir='ltr'>unguium</span> <span class='ocrx_word' id='word_1_127' title='bbox 1174 1538 1288 1583; x_wconf 82' lang='lat' dir='ltr'>parte</span> <span class='ocrx_word' id='word_1_128' title='bbox 1314 1538 1521 1571; x_wconf 83' lang='lat' dir='ltr'>uterentur</span> <span class='ocrx_word' id='word_1_129' title='bbox 1543 1531 1596 1571; x_wconf 87' lang='lat' dir='ltr'>ad</span> <span class='ocrx_word' id='word_1_130' title='bbox 1617 1544 1721 1571; x_wconf 79' lang='lat' dir='ltr'>mar·</span> 
     </span>
     <span class='ocr_line' id='line_1_16' title="bbox 184 1602 1723 1656; baseline 0.001 -14"><span class='ocrx_word' id='word_1_131' title='bbox 184 1602 305 1642; x_wconf 82' lang='lat' dir='ltr'>moris</span> <span class='ocrx_word' id='word_1_132' title='bbox 339 1602 543 1643; x_wconf 81' lang='lat' dir='ltr'>levitatem</span> <span class='ocrx_word' id='word_1_133' title='bbox 584 1603 879 1656; x_wconf 85' lang='lat' dir='ltr'>experiendam,</span> <span class='ocrx_word' id='word_1_134' title='bbox 917 1617 997 1642; x_wconf 90' lang='lat' dir='ltr'>non</span> <span class='ocrx_word' id='word_1_135' title='bbox 1033 1603 1151 1643; x_wconf 86' lang='lat' dir='ltr'>video</span> <span class='ocrx_word' id='word_1_136' title='bbox 1185 1604 1255 1656; x_wconf 93' lang='lat' dir='ltr'>qui</span> <span class='ocrx_word' id='word_1_137' title='bbox 1289 1604 1423 1643; x_wconf 85' lang='lat' dir='ltr'>minus</span> <span class='ocrx_word' id='word_1_138' title='bbox 1457 1612 1642 1644; x_wconf 86' lang='lat' dir='ltr'>accurate</span> <span class='ocrx_word' id='word_1_139' title='bbox 1681 1606 1723 1644; x_wconf 87' lang='lat' dir='ltr'>id</span> 
     </span>
     <span class='ocr_line' id='line_1_17' title="bbox 183 1677 1721 1731; baseline 0 -14"><span class='ocrx_word' id='word_1_140' title='bbox 183 1677 337 1718; x_wconf 86' lang='lat' dir='ltr'>efficere</span> <span class='ocrx_word' id='word_1_141' title='bbox 370 1685 534 1731; x_wconf 80' lang='lat' dir='ltr'>possent</span> <span class='ocrx_word' id='word_1_142' title='bbox 568 1678 774 1731; x_wconf 85' lang='lat' dir='ltr'>unguibus</span> <span class='ocrx_word' id='word_1_143' title='bbox 809 1678 918 1718; x_wconf 86' lang='lat' dir='ltr'>haud</span> <span class='ocrx_word' id='word_1_144' title='bbox 948 1678 1147 1725; x_wconf 79' lang='lat' dir='ltr'>resecatis,</span> <span class='ocrx_word' id='word_1_145' title='bbox 1184 1692 1304 1731; x_wconf 90' lang='lat' dir='ltr'>quam</span> <span class='ocrx_word' id='word_1_146' title='bbox 1333 1678 1466 1719; x_wconf 84' lang='lat' dir='ltr'>decies</span> <span class='ocrx_word' id='word_1_147' title='bbox 1496 1680 1721 1731; x_wconf 79' lang='lat' dir='ltr'>praesectis;</span> 
     </span>
     <span class='ocr_line' id='line_1_18' title="bbox 183 1751 1721 1805; baseline 0 -14"><span class='ocrx_word' id='word_1_148' title='bbox 183 1752 309 1805; x_wconf 79' lang='lat' dir='ltr'>igitur</span> <span class='ocrx_word' id='word_1_149' title='bbox 336 1752 379 1791; x_wconf 88' lang='lat' dir='ltr'>in</span> <span class='ocrx_word' id='word_1_150' title='bbox 405 1752 569 1805; x_wconf 84' lang='lat' dir='ltr'>phrasin</span> <span class='ocrx_word' id='word_1_151' title='bbox 592 1752 646 1791; x_wconf 85' lang='lat' dir='ltr'>ad</span> <span class='ocrx_word' id='word_1_152' title='bbox 666 1765 841 1805; x_wconf 79' lang='lat' dir='ltr'>unguem,</span> <span class='ocrx_word' id='word_1_153' title='bbox 870 1766 940 1792; x_wconf 89' lang='lat' dir='ltr'>seu</span> <span class='ocrx_word' id='word_1_154' title='bbox 963 1752 1003 1791; x_wconf 77' lang='lat' dir='ltr'>in</span> <span class='ocrx_word' id='word_1_155' title='bbox 1029 1766 1205 1805; x_wconf 79' lang='lat' dir='ltr'>unguem,</span> <span class='ocrx_word' id='word_1_156' title='bbox 1236 1752 1451 1805; x_wconf 82' lang='lat' dir='ltr'>saepissime</span> <span class='ocrx_word' id='word_1_157' title='bbox 1474 1751 1721 1799; x_wconf 79' lang='lat' dir='ltr'>offendimus,</span> 
     </span>
     <span class='ocr_line' id='line_1_19' title="bbox 184 1827 1723 1880; baseline -0.001 -13"><span class='ocrx_word' id='word_1_158' title='bbox 184 1827 254 1867; x_wconf 87' lang='lat' dir='ltr'>sed</span> <span class='ocrx_word' id='word_1_159' title='bbox 290 1841 503 1880; x_wconf 87' lang='lat' dir='ltr'>nusquam,</span> <span class='ocrx_word' id='word_1_160' title='bbox 540 1827 649 1880; x_wconf 92' lang='lat' dir='ltr'>quod</span> <span class='ocrx_word' id='word_1_161' title='bbox 684 1828 778 1876; x_wconf 81' lang='lat' dir='ltr'>scio,</span> <span class='ocrx_word' id='word_1_162' title='bbox 820 1827 1000 1880; x_wconf 88' lang='lat' dir='ltr'>epitheto</span> <span class='ocrx_word' id='word_1_163' title='bbox 1041 1827 1176 1879; x_wconf 89' lang='lat' dir='ltr'>aliquo</span> <span class='ocrx_word' id='word_1_164' title='bbox 1211 1828 1403 1880; x_wconf 86' lang='lat' dir='ltr'>subjecto.</span> <span class='ocrx_word' id='word_1_165' title='bbox 1459 1827 1578 1867; x_wconf 77' lang='lat' dir='ltr'>Adde</span> <span class='ocrx_word' id='word_1_166' title='bbox 1615 1827 1723 1879; x_wconf 89' lang='lat' dir='ltr'>quod</span> 
     </span>
     <span class='ocr_line' id='line_1_20' title="bbox 183 1900 1720 1954; baseline -0.001 -13"><span class='ocrx_word' id='word_1_167' title='bbox 183 1900 333 1954; x_wconf 80' lang='lat' dir='ltr'>linguae</span> <span class='ocrx_word' id='word_1_168' title='bbox 363 1901 517 1941; x_wconf 83' lang='lat' dir='ltr'>Latinae</span> <span class='ocrx_word' id='word_1_169' title='bbox 544 1901 646 1941; x_wconf 88' lang='lat' dir='ltr'>ratio</span> <span class='ocrx_word' id='word_1_170' title='bbox 673 1901 851 1954; x_wconf 82' lang='lat' dir='ltr'>postulat</span> <span class='ocrx_word' id='word_1_171' title='bbox 878 1909 925 1940; x_wconf 88' lang='lat' dir='ltr'>ut</span> <span class='ocrx_word' id='word_1_172' title='bbox 949 1901 1071 1941; x_wconf 77' lang='lat' dir='ltr'>decies</span> <span class='ocrx_word' id='word_1_173' title='bbox 1094 1915 1186 1942; x_wconf 91' lang='lat' dir='ltr'>cum</span> <span class='ocrx_word' id='word_1_174' title='bbox 1211 1901 1460 1954; x_wconf 65' lang='lat' dir='ltr'>praecedente</span> <span class='ocrx_word' id='word_1_175' title='bbox 1484 1901 1607 1940; x_wconf 85' lang='lat' dir='ltr'>verbo</span> <span class='ocrx_word' id='word_1_176' title='bbox 1628 1913 1720 1940; x_wconf 89' lang='lat' dir='ltr'>con-</span> 
     </span>
     <span class='ocr_line' id='line_1_21' title="bbox 185 1976 1722 2030; baseline -0.001 -15"><span class='ocrx_word' id='word_1_177' title='bbox 185 1980 372 2023; x_wconf 72' lang='lat' dir='ltr'>struatur,</span> <span class='ocrx_word' id='word_1_178' title='bbox 397 1982 438 2015; x_wconf 90' lang='lat' dir='ltr'>et</span> <span class='ocrx_word' id='word_1_179' title='bbox 467 1976 524 2016; x_wconf 90' lang='lat' dir='ltr'>sic</span> <span class='ocrx_word' id='word_1_180' title='bbox 547 1976 678 2029; x_wconf 89' lang='lat' dir='ltr'>aptius</span> <span class='ocrx_word' id='word_1_181' title='bbox 702 1976 753 2016; x_wconf 87' lang='lat' dir='ltr'>ad</span> <span class='ocrx_word' id='word_1_182' title='bbox 777 1976 989 2030; x_wconf 77' lang='lat' dir='ltr'>perfectum</span> <span class='ocrx_word' id='word_1_183' title='bbox 1015 1977 1209 2030; x_wconf 83' lang='lat' dir='ltr'>(carmen)</span> <span class='ocrx_word' id='word_1_184' title='bbox 1237 1991 1357 2030; x_wconf 85' lang='lat' dir='ltr'>quam</span> <span class='ocrx_word' id='word_1_185' title='bbox 1379 1982 1605 2030; x_wconf 70' lang='lat' dir='ltr'>proeseclum</span> <span class='ocrx_word' id='word_1_186' title='bbox 1631 1978 1722 2027; x_wconf 72' lang='lat' dir='ltr'>(oen-</span> 
     </span>
     <span class='ocr_line' id='line_1_22' title="bbox 181 2051 589 2105; baseline 0.002 -15"><span class='ocrx_word' id='word_1_187' title='bbox 181 2052 329 2104; x_wconf 66' lang='lat' dir='ltr'>gum),</span> <span class='ocrx_word' id='word_1_188' title='bbox 356 2051 589 2105; x_wconf 66' lang='lat' dir='ltr'>referatur]</span> 
     </span>
    </p>
   </div>
   <div class='ocr_carea' id='block_1_7' title="bbox 257 2169 1722 2236">
    <p class='ocr_par' dir='ltr' id='par_1_7' title="bbox 257 2169 1722 2236">
     <span class='ocr_line' id='line_1_23' title="bbox 257 2169 1722 2236; baseline 0.002 -21"><span class='ocrx_word' id='word_1_189' title='bbox 257 2175 348 2224; x_wconf 79' lang='lat'><strong>269.</strong></span> <span class='ocrx_word' id='word_1_190' title='bbox 411 2169 563 2220; x_wconf 77' lang='lat' dir='ltr'>Parce</span> <span class='ocrx_word' id='word_1_191' title='bbox 589 2174 819 2236; x_wconf 66' lang='lat' dir='ltr'>parcum]</span> <span class='ocrx_word' id='word_1_192' title='bbox 878 2180 909 2219; x_wconf 91' lang='lat'>1.</span> <span class='ocrx_word' id='word_1_193' title='bbox 929 2195 963 2221; x_wconf 93' lang='lat' dir='ltr'>e.</span> <span class='ocrx_word' id='word_1_194' title='bbox 1003 2180 1283 2234; x_wconf 70' lang='lat' dir='ltr'>parcissimum.</span> <span class='ocrx_word' id='word_1_195' title='bbox 1338 2181 1525 2221; x_wconf 77' lang='lat' dir='ltr'>Absurde</span> <span class='ocrx_word' id='word_1_196' title='bbox 1561 2180 1722 2220; x_wconf 83' lang='lat' dir='ltr'>videtur</span> 
     </span>
    </p>
   </div>
   <div class='ocr_carea' id='block_1_8' title="bbox 184 2257 1720 2535">
    <p class='ocr_par' dir='ltr' id='par_1_8' title="bbox 184 2257 1720 2535">
     <span class='ocr_line' id='line_1_24' title="bbox 185 2257 1719 2311; baseline -0.001 -14"><span class='ocrx_word' id='word_1_197' title='bbox 185 2257 236 2297; x_wconf 82' lang='lat' dir='ltr'>de</span> <span class='ocrx_word' id='word_1_198' title='bbox 251 2257 329 2298; x_wconf 90' lang='lat' dir='ltr'>hoc</span> <span class='ocrx_word' id='word_1_199' title='bbox 347 2257 541 2298; x_wconf 87' lang='lat' dir='ltr'>vocabulo</span> <span class='ocrx_word' id='word_1_200' title='bbox 557 2258 623 2311; x_wconf 82' lang='lat' dir='ltr'>agi</span> <span class='ocrx_word' id='word_1_201' title='bbox 647 2258 756 2311; x_wconf 90' lang='lat' dir='ltr'>apud</span> <span class='ocrx_word' id='word_1_202' title='bbox 775 2258 825 2297; x_wconf 78' lang='lat' dir='ltr'>A.</span> <span class='ocrx_word' id='word_1_203' title='bbox 850 2258 954 2298; x_wconf 86' lang='lat' dir='ltr'>Gell.</span> <span class='ocrx_word' id='word_1_204' title='bbox 976 2259 1053 2299; x_wconf 92' lang='lat'>111.</span> <span class='ocrx_word' id='word_1_205' title='bbox 1073 2272 1164 2298; x_wconf 84' lang='lat' dir='ltr'>x1x.</span> <span class='ocrx_word' id='word_1_206' title='bbox 1217 2258 1298 2298; x_wconf 85' lang='lat' dir='ltr'>Ubi</span> <span class='ocrx_word' id='word_1_207' title='bbox 1326 2258 1389 2297; x_wconf 86' lang='lat' dir='ltr'>vel</span> <span class='ocrx_word' id='word_1_208' title='bbox 1413 2271 1488 2311; x_wconf 89' lang='lat' dir='ltr'>pro</span> <span class='ocrx_word' id='word_1_209' title='bbox 1507 2272 1586 2311; x_wconf 80' lang='lat' dir='ltr'>par</span> <span class='ocrx_word' id='word_1_210' title='bbox 1604 2270 1719 2303; x_wconf 86' lang='lat' dir='ltr'>arcoe,</span> 
     </span>
     <span class='ocr_line' id='line_1_25' title="bbox 186 2330 1718 2385; baseline -0.001 -14"><span class='ocrx_word' id='word_1_211' title='bbox 186 2330 302 2384; x_wconf 80' lang='lat' dir='ltr'>(quia</span> <span class='ocrx_word' id='word_1_212' title='bbox 317 2338 436 2372; x_wconf 82' lang='lat' dir='ltr'>tenax</span> <span class='ocrx_word' id='word_1_213' title='bbox 453 2331 586 2371; x_wconf 86' lang='lat' dir='ltr'>omnia</span> <span class='ocrx_word' id='word_1_214' title='bbox 608 2331 811 2372; x_wconf 86' lang='lat' dir='ltr'>recondita</span> <span class='ocrx_word' id='word_1_215' title='bbox 833 2334 1000 2385; x_wconf 87' lang='lat' dir='ltr'>teneat‚)</span> <span class='ocrx_word' id='word_1_216' title='bbox 1019 2332 1213 2381; x_wconf 85' lang='lat' dir='ltr'>sumitur;</span> <span class='ocrx_word' id='word_1_217' title='bbox 1244 2332 1319 2380; x_wconf 91' lang='lat' dir='ltr'>vel,</span> <span class='ocrx_word' id='word_1_218' title='bbox 1337 2332 1468 2385; x_wconf 90' lang='lat' dir='ltr'>(quod</span> <span class='ocrx_word' id='word_1_219' title='bbox 1486 2331 1718 2384; x_wconf 80' lang='lat' dir='ltr'>simplicius,</span> 
     </span>
     <span class='ocr_line' id='line_1_26' title="bbox 184 2405 1720 2460; baseline -0.001 -15"><span class='ocrx_word' id='word_1_220' title='bbox 184 2405 253 2454; x_wconf 86' lang='lat' dir='ltr'>ait,</span> <span class='ocrx_word' id='word_1_221' title='bbox 279 2405 493 2459; x_wconf 77' lang='lat' dir='ltr'>veriusque</span> <span class='ocrx_word' id='word_1_222' title='bbox 517 2406 637 2459; x_wconf 83' lang='lat' dir='ltr'>essc,)</span> <span class='ocrx_word' id='word_1_223' title='bbox 660 2407 711 2446; x_wconf 86' lang='lat' dir='ltr'>ab</span> <span class='ocrx_word' id='word_1_224' title='bbox 729 2420 778 2447; x_wconf 85' lang='lat' dir='ltr'>eo</span> <span class='ocrx_word' id='word_1_225' title='bbox 803 2407 912 2459; x_wconf 89' lang='lat' dir='ltr'>quod</span> <span class='ocrx_word' id='word_1_226' title='bbox 936 2414 997 2447; x_wconf 83' lang='lat' dir='ltr'>est</span> <span class='ocrx_word' id='word_1_227' title='bbox 1016 2420 1158 2460; x_wconf 80' lang='lat' dir='ltr'>parum</span> <span class='ocrx_word' id='word_1_228' title='bbox 1177 2413 1219 2447; x_wconf 89' lang='lat' dir='ltr'>et</span> <span class='ocrx_word' id='word_1_229' title='bbox 1236 2419 1415 2460; x_wconf 72' lang='lat' dir='ltr'>parvum,</span> <span class='ocrx_word' id='word_1_230' title='bbox 1442 2405 1720 2446; x_wconf 74' lang='lat' dir='ltr'>denonimatus</span> 
     </span>
     <span class='ocr_line' id='line_1_27' title="bbox 185 2489 424 2535; baseline -0.008 -12"><span class='ocrx_word' id='word_1_231' title='bbox 185 2489 246 2523; x_wconf 86' lang='lat' dir='ltr'>est</span> <span class='ocrx_word' id='word_1_232' title='bbox 266 2495 424 2535; x_wconf 72' lang='lat' dir='ltr'>parcus.</span> 
     </span>
    </p>
   </div>
   <div class='ocr_carea' id='block_1_9' title="bbox 183 2606 1719 2822">
    <p class='ocr_par' dir='ltr' id='par_1_9' title="bbox 183 2606 1719 2822">
     <span class='ocr_line' id='line_1_28' title="bbox 256 2606 1717 2671; baseline 0.002 -15"><span class='ocrx_word' id='word_1_233' title='bbox 256 2617 345 2656; x_wconf 76' lang='lat'>271·</span> <span class='ocrx_word' id='word_1_234' title='bbox 409 2606 765 2670; x_wconf 63' lang='lat' dir='ltr'>pulmentum]</span> <span class='ocrx_word' id='word_1_235' title='bbox 828 2612 866 2654; x_wconf 85' lang='lat' dir='ltr'><em>A</em></span> <span class='ocrx_word' id='word_1_236' title='bbox 900 2614 1082 2661; x_wconf 55' lang='lat' dir='ltr'>morsch-</span> <span class='ocrx_word' id='word_1_237' title='bbox 1116 2628 1145 2655; x_wconf 84' lang='lat' dir='ltr'>a</span> <span class='ocrx_word' id='word_1_238' title='bbox 1176 2614 1409 2671; x_wconf 71' lang='lat' dir='ltr'>mouthful.</span> <span class='ocrx_word' id='word_1_239' title='bbox 1472 2619 1566 2666; x_wconf 90' lang='lat' dir='ltr'>Quo</span> <span class='ocrx_word' id='word_1_240' title='bbox 1602 2632 1717 2658; x_wconf 82' lang='lat' dir='ltr'>sensu</span> 
     </span>
     <span class='ocr_line' id='line_1_29' title="bbox 187 2692 1719 2749; baseline 0.003 -18"><span class='ocrx_word' id='word_1_241' title='bbox 187 2692 285 2731; x_wconf 81' lang='lat' dir='ltr'>Hor.</span> <span class='ocrx_word' id='word_1_242' title='bbox 303 2692 388 2732; x_wconf 82' lang='lat' dir='ltr'>Sat.</span> <span class='ocrx_word' id='word_1_243' title='bbox 406 2692 464 2732; x_wconf 91' lang='lat'>11.</span> <span class='ocrx_word' id='word_1_244' title='bbox 485 2706 532 2732; x_wconf 81' lang='grc' dir='ltr'>ιι.</span> <span class='ocrx_word' id='word_1_245' title='bbox 553 2699 616 2734; x_wconf 82' lang='grc'>34.</span> <span class='ocrx_word' id='word_1_246' title='bbox 663 2699 690 2717; x_wconf 86' lang='grc'><strong><em>“</em></strong></span> <span class='ocrx_word' id='word_1_247' title='bbox 703 2693 874 2740; x_wconf 81' lang='lat' dir='ltr'>Laudas,</span> <span class='ocrx_word' id='word_1_248' title='bbox 893 2693 1042 2742; x_wconf 77' lang='lat' dir='ltr'>insane,</span> <span class='ocrx_word' id='word_1_249' title='bbox 1062 2695 1256 2735; x_wconf 81' lang='lat' dir='ltr'>trilibrem</span> <span class='ocrx_word' id='word_1_250' title='bbox 1275 2695 1474 2741; x_wconf 72' lang='lat' dir='ltr'>Mullum:</span> <span class='ocrx_word' id='word_1_251' title='bbox 1502 2697 1544 2735; x_wconf 87' lang='lat' dir='ltr'>in</span> <span class='ocrx_word' id='word_1_252' title='bbox 1562 2697 1719 2749; x_wconf 75' lang='lat' dir='ltr'>singula</span> 
     </span>
     <span class='ocr_line' id='line_1_30' title="bbox 183 2763 1714 2822; baseline 0.005 -19"><span class='ocrx_word' id='word_1_253' title='bbox 183 2776 303 2815; x_wconf 88' lang='lat' dir='ltr'>quem</span> <span class='ocrx_word' id='word_1_254' title='bbox 335 2763 489 2804; x_wconf 81' lang='lat' dir='ltr'>minuas</span> <span class='ocrx_word' id='word_1_255' title='bbox 514 2764 708 2818; x_wconf 72' lang='lat' dir='ltr'>pulmenta</span> <span class='ocrx_word' id='word_1_256' title='bbox 742 2780 899 2807; x_wconf 78' lang='lat' dir='ltr'>necesse</span> <span class='ocrx_word' id='word_1_257' title='bbox 927 2770 1020 2808; x_wconf 72' lang='lat' dir='ltr'>cst-&#39;¹</span> <span class='ocrx_word' id='word_1_258' title='bbox 1076 2769 1208 2817; x_wconf 85' lang='lat' dir='ltr'>(Must</span> <span class='ocrx_word' id='word_1_259' title='bbox 1236 2777 1304 2809; x_wconf 78' lang='lat' dir='ltr'>cut</span> <span class='ocrx_word' id='word_1_260' title='bbox 1334 2784 1389 2822; x_wconf 88' lang='lat' dir='ltr'>up</span> <span class='ocrx_word' id='word_1_261' title='bbox 1418 2771 1501 2809; x_wconf 80' lang='lat' dir='ltr'>into</span> <span class='ocrx_word' id='word_1_262' title='bbox 1528 2786 1571 2809; x_wconf 71' lang='lat' dir='ltr'>so</span> <span class='ocrx_word' id='word_1_263' title='bbox 1597 2784 1714 2821; x_wconf 79' lang='lat' dir='ltr'>many</span> 
     </span>
    </p>
   </div>
  </div>
 </body>
</html>
