1864 3152
687 261 1121 303 MENAECHMEI.

1610 265 1695 305 105

248 405 392 452 Hisce
430 422 516 468 ego
555 407 655 467 jam
698 412 954 452 sementem
995 405 1044 451 in
1084 420 1162 451 ore
1197 402 1379 459 faciam,
1419 421 1694 470 pugnosque

442 488 647 535 obseram
655 525 664 534 .

1618 500 1696 540 910

247 569 481 618 Maxumo
496 569 622 617 malo
633 568 789 618 hercle
803 569 943 618 hodie
958 578 1113 618 vostro
1126 571 1283 617 istunc
1300 569 1452 618 fertis!
1479 570 1696 621 Mittite!

116 651 227 699 ΜΕ.
245 652 408 702 Teneo
422 669 509 717 ego
524 651 635 699 huic
650 651 853 700 oculum.

482 733 486 735 ’
534 735 673 783 ΜΕε.
697 736 824 784 Face
842 744 898 784 ut
916 735 1039 783 oculi
1055 736 1184 784 locus
1199 736 1249 783 in
1268 738 1424 800 capite
1444 741 1694 802 appareat!

246 820 344 867 Vos
369 820 567 875 scelesti,
596 836 675 867 vos
698 835 902 883 rapaces,
936 835 1015 865 vos
1037 819 1303 882 praedones!

245 985 465 1042 Obsecro,
491 985 646 1036 hercle
662 990 669 1034 !

1309 901 1406 948 Lo.
1433 902 1671 950 Periimus
1686 905 1694 950 !

578 1072 720 1118 MEs.
749 1070 941 1119 Mittite
962 1073 1095 1135 ergo!

245 1239 393 1287 Pecte
412 1240 584 1303 pugnis
602 1242 609 1286 !

897 1152 1010 1201 ME.
1036 1152 1173 1208 Quid
1190 1170 1266 1200 me
1281 1155 1411 1202 vobis
1427 1156 1571 1202 tactio
1590 1158 1691 1204 est?

418 1322 558 1370 Mns.
584 1322 752 1386 Agite,
771 1322 913 1375 abite,
930 1319 1087 1384 fugite
1104 1319 1216 1368 hinc
1233 1321 1284 1367 in
1302 1321 1473 1369 malam
1490 1325 1692 1370 crucem!

244 1404 377 1454 Hem
396 1407 486 1454 tibi
505 1407 663 1461 etiam,
683 1406 793 1469 quia
805 1412 1067 1469 postremus
1086 1404 1225 1460 cedis,
1247 1404 1335 1453 hoc
1351 1407 1532 1470 praemii
1553 1406 1693 1455 feres!

172 1524 197 1540 v.
214 1516 269 1541 911.
304 1515 333 1540 B.
349 1516 370 1545 1,
389 1515 419 1540 B.
431 1523 455 1544 c,
474 1515 600 1540 Maximo
614 1515 693 1539 hodie
706 1513 880 1541 ’.αἰολον-ιιι,
897 1516 924 1537 et
934 1513 972 1536 sic
985 1511 1068 1537 Bditt.
1083 1512 1157 1537 Vett.
1185 1512 1277 1538 ΗΑιι
1289 1513 1527 1545 legendumjubet,
1545 1514 1560 1523 '¹
1570 1515 1696 1540 Maximo

109 1560 195 1584 hercle
210 1558 289 1583 hodie
305 1558 524 1584 nalo-“—ffl-i.
543 1556 626 1582 codd.
643 1555 728 1581 nostri
744 1555 882 1583 mendoso,
902 1553 932 1578 B.
946 1561 969 1583 c,
994 1554 1066 1584 Quid
1085 1560 1125 1579 me
1144 1554 1216 1579 vobis
1234 1555 1348 1580 radiosi.
1382 1555 1412 1580 B.
1427 1556 1449 1585 l,
1470 1556 1542 1587 Quid
1559 1564 1601 1583 me
1618 1558 1697 1583 mltis

109 1601 342 1627 raetiam—91&
360 1600 392 1625 B.
405 1601 427 1629 l,
446 1600 476 1624 B.
489 1607 512 1629 c,
533 1600 615 1624 Plocoe
627 1597 854 1630 payait-46.
900 1597 976 1621 Hem.
995 1596 1086 1621 codd:
1104 1597 1157 1626 En,
1179 1597 1271 1622 minus
1290 1599 1394 1623 recte.“
1419 1598 1520 1624 nux.
1554 1600 1592 1625 At
1612 1601 1696 1626 nostri

110 1643 379 1668 codd2dant11an-

162 1723 251 1764 910.
292 1716 694 1768 Sementemfaciam]
726 1721 737 1736 ‘
752 1716 769 1753 Ι
786 1714 866 1751 will

108 1782 310 1834 presently
337 1795 417 1820 sow
442 1795 465 1819 a
486 1794 581 1832 crop
605 1781 647 1818 in
664 1779 775 1818 these
794 1778 865 1817 fel-

110 1848 217 1885 lows'
235 1847 364 1885 faces.’
416 1844 650 1896 Metaphora
667 1851 796 1882 sumta
817 1844 866 1881 ab

109 1911 216 1962 agris
240 1910 425 1949 serendis.
481 1910 628 1947 Contra
649 1908 691 1945 in
714 1907 808 1945 Aul.
828 1907 865 1951 6,

110 1975 352 2013 Stbnulorum
369 1987 478 2026 seges
494 1972 654 2017 dicitur,
682 1971 798 2023 cujus
815 1970 866 2008 de

109 2047 224 2090 tergo
242 2038 354 2090 quasi
371 2037 509 2076 messis
528 2036 709 2074 sumitur.
750 2035 864 2072 Conf.

112 2102 218 2140 Rud.
237 2101 327 2141 668.

111 2180 130 2192 “
148 2176 221 2207 Jam
239 2175 293 2206 tibi
314 2175 421 2206 moesis
435 2174 538 2205 hercle
558 2174 590 2204 in
609 2184 662 2205 ore
681 2174 734 2204 fiet
754 2173 865 2211 mergis

187 2224 352 2264 pugneis.'’

160 2316 248 2356 912.
292 2309 404 2348 Oculi
416 2309 557 2361 locus]
583 2308 695 2347 ‘The
706 2309 863 2347 socketl

112 2372 243 2412 Oculo
295 2373 484 2410 nimirum
536 2372 688 2411 effosso.
761 2372 865 2410 Citat

111 2436 256 2474 va:
287 2436 365 2475 Ov.
394 2437 491 2475 Met.
510 2436 629 2474 VIII.
658 2441 744 2475 805.

200 2500 234 2527 Τ
242 2511 369 2542 Ventris
380 2517 448 2542 erat
460 2521 516 2549 pro
530 2516 636 2541 ventre
650 2510 767 2541 &vt-uss·

161 2590 248 2629 913.
309 2584 344 2622 V
340 2598 382 2622 os
394 2583 553 2629 scelesti,
573 2597 638 2623 vos
652 2597 814 2636 rapaces
821 2585 864 2636 J]

110 2653 121 2668 ‘
138 2646 226 2684 You
262 2647 427 2692 villains,
463 2661 544 2698 you
575 2648 748 2689 ruffians.
784 2661 864 2698 you

110 2709 285 2747 thievesl
339 2710 402 2749 De
429 2710 649 2749 Trochaioo
672 2718 801 2748 metro
823 2711 864 2748 in

110 2772 339 2823 hujusmodi
366 2774 492 2812 scenis
528 2781 730 2825 usurpato,
763 2774 865 2812 Vide

114 2836 241 2886 Supra
272 2841 359 2878 773.
435 2837 594 2885 Insigne
637 2838 863 2888 exemplum

248 2913 291 2944 1-1-

933 1720 1004 1757 est,
1033 1712 1239 1765 Aristoph.
1268 1715 1376 1767 qu.
1403 1722 1492 1760 247.
1521 1731 1609 1770 sqq.

934 1789 955 1802 ‘⁸
973 1788 1072 1823 Παῒε,
1086 1792 1168 1817 παῖε
1180 1789 1242 1818 τὸν
1251 1791 1450 1829 πανοῦργον,
1464 1792 1517 1821 καὶ
1526 1794 1692 1833 ταραξιπ-

1010 1848 1218 1875 roca-pavone,

974 1888 1040 1917 Καὶ
1053 1889 1254 1927 πανοῦργον,
1269 1890 1321 1919 καὶ
1336 1892 1539 1930 πανοῦργον·
1559 1894 1692 1925 ’πολλά-

1012 1950 1060 1967 κις
1075 1938 1140 1976 γάρ
1156 1938 1228 1968 αὕτ’
1243 1939 1340 1978 ἑρῶ.”

933 1999 1051 2038 Adde
1070 1999 1130 2037 Ib.
1149 1999 1255 2038 Avv.
1276 2001 1364 2040 365.

934 2073 1076 2110 “”Ελκε,
1090 2074 1204 2110 τίλλε,
1217 2079 1313 2112 παῖε,
1322 2076 1427 2115 δαῖρε,
1438 2078 1693 2120 κόπτε,”...εςς.

932 2135 1103 2174 Consule
1122 2149 1211 2186 quae
1230 2150 1349 2189 super
1367 2137 1470 2178 hanc
1488 2153 1571 2179 rem
1590 2142 1691 2181 dixit

933 2197 1148 2245 Bentleius‚
1203 2199 1245 2236 in
1298 2200 1517 2253 Σχεὸιασμτ
1571 2205 1688 2244 Metr-

933 2261 1091 2299 Terent.
1128 2261 1209 2299 sub.
1245 2263 1329 2301 init.
1376 2265 1456 2315 (De
1492 2267 1691 2308 Varietate

933 2325 1186 2376 Meti-orum.)
1242 2326 1348 2366 Vide
1366 2329 1460 2367 Aul.
1480 2331 1568 2370 360.

982 2400 1072 2447 916.
1144 2400 1245 2439 Hem
1299 2401 1370 2440 tibi
1421 2405 1543 2451 etiam,
1588 2408 1689 2460 etc.]

934 2463 1068 2502 ‘Here
1097 2464 1189 2503 take
1217 2479 1298 2515 you
1322 2466 1409 2505 that
1432 2470 1520 2505 too!
1545 2472 1689 2520 you’ve

930 2534 1000 2578 got
1035 2527 1120 2565 that
1155 2529 1295 2567 favour
1326 2530 1389 2568 for
1423 2545 1525 2581 your
1559 2533 1686 2584 pains,

930 2591 986 2642 by
1004 2591 1167 2643 moving
1186 2592 1244 2630 off
1255 2592 1323 2631 the
1340 2593 1566 2634 hindmost:
1613 2598 1686 2636 Al-

930 2654 1062 2692 lusum
1098 2654 1148 2692 ad
1182 2655 1443 2701 notissimum,
1480 2658 1544 2697 vel
1578 2661 1686 2712 apud

931 2730 1016 2762 nos,
1052 2718 1308 2768 proverbium
1318 2733 1330 2764 3
1368 2718 1433 2758 cui
1465 2720 1591 2761 simile
1626 2732 1685 2762 est

932 2779 1045 2825 illud,
1076 2781 1215 2819 Horat.
1245 2782 1335 2818 Ars.
1363 2781 1474 2822 Poet-
1494 2789 1584 2828 417.

1070 2858 1089 2870 ·‘
1108 2854 1251 2892 Occupet
1272 2856 1538 2887 enremum‘’......
